@article{Shim2002,
  title = "Past, present, and future of decision support technology ",
  journal = "Decision Support Systems ",
  volume = "33",
  number = "2",
  pages = "111 - 126",
  year = "2002",
  note = "Decision Support System: Directions for the Nest Decade ",
  issn = "0167-9236",
  doi = "http://dx.doi.org/10.1016/S0167-9236(01)00139-7",
  url = "//www.sciencedirect.com/science/article/pii/S0167923601001397",
  author = "J.P. Shim and Merrill Warkentin and James F. Courtney and Daniel J. Power and Ramesh Sharda and Christer Carlsson",
  keywords = "Decision support technology",
  keywords = "DSS development",
  keywords = "Collaborative support systems",
  keywords = "Virtual teams",
  keywords = "Optimization-based decision support "
}

@article{Storquato2015,
  title = "INOVA{\c{c}}{\~O}ES NO SISTEMA DE PRODU{\c{c}}{\~A}O DE CANA-DE-A{\c{c}}{\'U}CAR: uma contribui{\c{c}}{\~a}o do Protocolo Agroambiental para a regi{\~a}o de Piracicaba, Estado de S{\~a}o Paulo",
  journal = "Informa{\c{c}}{\~O}es Econ{\^o}micas",
  volume = "45",
  number = "2",
  pages = "10",
  year = "2015",
  author = "Sérgio Alves Torquato, Kátia Regina E. de Jesus {\&} Catiana Regina Brumatti Zorzo",
  keywords = "Sugarcane burning",
  keywords = "Harvest mechanization",
  keywords = "Collaborative support systems",
  keywords = "Agricultural production system",
  keywords = "Green Protocol"
}

@book{simon1991architecture,
  title={The architecture of complexity},
  author={Simon, Herbert A},
  year={1991},
  publisher={Springer}
}

@article{Singh2012281,
title = "An overview of sustainability assessment methodologies ",
journal = "Ecological Indicators ",
volume = "15",
number = "1",
pages = "281 - 299",
year = "2012",
note = "",
issn = "1470-160X",
doi = "http://dx.doi.org/10.1016/j.ecolind.2011.01.007",
url = "http://www.sciencedirect.com/science/article/pii/S1470160X11000240",
author = "Rajesh Kumar Singh and H.R. Murty and S.K. Gupta and A.K. Dikshit",
keywords = "Sustainable development",
keywords = "Sustainability indicators",
keywords = "Index",
keywords = "Composite index",
keywords = "Ratings "
}

@book{oliveira:2013,
  title={Avalia{\c{c}}{\~a}o da sustentabilidade de sistemas de produ{\c{c}}{\~a}o da cana-de-a{\c{c}}{\'u}car no estado de S{\~a}o Paulo: uma proposta metodol{\'o}gica e de modelo conceitual},
  author={Oliveira Cardoso, Bruno},
  year={2013}
}

@book{allemang2011semantic,
  title={Semantic Web for the Working Ontologist: Effective Modeling in RDFS and OWL},
  author={Allemang, D. and Hendler, J.},
  isbn={9780123859662},
  lccn={2011010645},
  url={https://books.google.com.br/books?id=\_qGKPOlB1DgC},
  year={2011},
  publisher={Elsevier Science}
}

@misc{W3C_SW,
  author = {W3C},
  title = {{Semantic web}},
  howpublished = "\url{https://www.w3.org/2001/sw/wiki/Main_Page}",
  year = {2017}, 
  note = "[Online; accessed 14-february-2017]"
}

@article{bernerslee2001,
  added-at = {2012-04-02T16:25:07.000+0200},
  author = {Berners-Lee, Tim and Hendler, James and Lassila, Ora},
  biburl = {http://www.bibsonomy.org/bibtex/2222934145a71a9d6cfbbb375d4d62c1d/eakaluk},
  interhash = {e87f09446138a81e6478625da97885b6},
  intrahash = {222934145a71a9d6cfbbb375d4d62c1d},
  journal = {Scientific American},
  keywords = {},
  lastdatemodified = {2007-04-27},
  lastname = {Berners-Lee},
  month = may,
  number = 5,
  own = {notown},
  pages = {34-43},
  read = {notread},
  title = {The Semantic Web},
  url = {http://www.sciam.com/article.cfm?articleID=00048144-10D2-1C70-84A9809EC588EF21},
  volume = 284,
  year = 2001
}

@book{sugumaran2011,
  title={Applied semantic web technologies},
  author={Sugumaran, Vijayan and Gulla, Jon Atle},
  year={2011},
  publisher={CRC Press}
}

@article{Smith2007,
  added-at = {2009-11-12T15:30:51.000+0100},
  author = {Smith, Barry and Ashburner, Michael and Rosse, Cornelius and Bard, Jonathan and Bug, William and Ceusters, Werner and Goldberg, Louis J and Eilbeck, Karen and Ireland, Amelia and Mungall, Christopher J and Leontis, Neocles and Rocca-Serra, Philippe and Ruttenberg, Alan and Sansone, Susanna-Assunta and Scheuermann, Richard H and Shah, Nigam and Whetzel, Patricia L and Lewis, Suzanna},
  biburl = {http://www.bibsonomy.org/bibtex/2056dd3c3cc47104af7ac08ed3d9297f6/tral},
  interhash = {116809263f6c559f1b25763ea18c1b3c},
  intrahash = {056dd3c3cc47104af7ac08ed3d9297f6},
  issn = {1087-0156},
  journal = {Nat Biotech},
  keywords = {_toread bio-ontology},
  month = {nov},
  number = 11,
  pages = {1251--1255},
  publisher = {Nature Publishing Group},
  timestamp = {2009-11-12T15:30:51.000+0100},
  title = {The OBO Foundry: coordinated evolution of ontologies to support biomedical data integration},
  url = {http://dx.doi.org/10.1038/nbt1346},
  volume = 25,
  year = 2007
}

@INPROCEEDINGS{Patel-schneider05buildingthe,
author = {Peter F. Patel-schneider},
title = {Building the semantic web tower from RDF straw},
booktitle = {In Proc. of the 19th Int. Joint Conf. on Artificial Intelligence (IJCAI 2005},
year = {2005}
}

@misc{noy2001ontology,
  title={Ontology development 101: A guide to creating your first ontology},
  author={Noy, Natalya F and McGuinness, Deborah L and others},
  year={2001},
  publisher={Stanford knowledge systems laboratory technical report KSL-01-05 and Stanford medical informatics technical report SMI-2001-0880}
}

@article{horridge2011owl,
  title={The owl api: A java api for owl ontologies},
  author={Horridge, Matthew and Bechhofer, Sean},
  journal={Semantic Web},
  volume={2},
  number={1},
  pages={11--21},
  year={2011},
  publisher={IOS Press}
}

@article{Souza:2004,
  title={A Web Sem{\^a}ntica e suas contribui{\c{c}}{\~o}es para a ci{\^e}ncia da informa{\c{c}}{\~a}o},
  author={Souza, Renato Rocha and Alvarenga, L{\'\i}dia},
  journal={Ci{\^e}ncia da Informa{\c{c}}{\~a}o, Bras{\'\i}lia},
  ISSN = {0100-1965},
  language = {pt},
  URL = {http://www.scielo.br/scielo.php?script=sci_arttext&pid=S0100-19652004000100016&nrm=iso},
  volume={33},
  year={2004},
  month = {04},
  pages={132--141},
  number={1},
  publisher={SciELO Brasil}
}

@article{mcguinness2004owl,
  title={OWL web ontology language overview},
  author={McGuinness, Deborah L and Van Harmelen, Frank and others},
  journal={W3C recommendation},
  volume={10},
  number={10},
  pages={2004},
  year={2004}
}

@article{heinzle2010semantica,
  title={Sem{\^a}ntica nos sistemas de apoio a decis{\~a}o: o estado da arte},
  author={Heinzle, Roberto and Gauthier, Fernando Alvaro Ostuni and Fialho, Francisco Antonio Pereira},
  journal={Revista Da Unifebe Vers$\backslash$ ao Eletr{\^o}nica},
  year={2010}
}

@incollection{lu2006application,
  title={The Application of Semantic Web Technologies for Railway Decision Support},
  author={Lu, Jinwei and Roberts, Clive and Lang, Karl and Stirling, Alan and Madelin, Keith},
  booktitle={Intelligent Decision-making Support Systems},
  pages={321--337},
  year={2006},
  publisher={Springer}
}

@article{junior2006sistemas,
  title={Sistemas de Apoio {\`a} Decis{\~a}o},
  author={J{\'u}nior, S{\'e}rgio Ant{\^o}nio Martini Bortolin},
  journal={Urcamp-Brasil.},
  volume={20},
  year={2006}
}

@incollection{de1997software,
  title={Software architecture for large control systems: A case study description},
  author={de Jong, Edwin},
  booktitle={Coordination Languages and Models},
  pages={150--156},
  year={1997},
  publisher={Springer}
}

@article{sei2006architecture,
  title={Views and Beyond Architecture Documentation Template},
  author={Sei, Sei},
  year={2006}
}

@article{Linhalis2010,
  year={2010},
  issn={0219-1377},
  journal={Knowledge and Information Systems},
  volume={22},
  number={3},
  doi={10.1007/s10115-009-0197-z},
  title={OntoMap: an ontology-based architecture to perform the semantic mapping between an interlingua and software components},
  url={http://dx.doi.org/10.1007/s10115-009-0197-z},
  publisher={Springer-Verlag},
  keywords={Ontologies; Interlingua; Software components; Natural language applications},
  author={Linhalis, Flávia and de Mattos Fortes, RenataPontin and de Abreu Moreira, Dilvan},
  pages={319-345},
  language={English}
}

@article{Pahl2007,
  title={An ontology for software component matching},
  author={Pahl, Claus},
  year={2007},
  issn={1433-2779},
  journal={International Journal on Software Tools for Technology Transfer},
  volume={9},
  number={2},
  doi={10.1007/s10009-006-0015-9},
  url={http://dx.doi.org/10.1007/s10009-006-0015-9},
  publisher={Springer-Verlag},
  pages={169-178},
  language={English}
}

@book{fowler2010domain,
  title={Domain-specific languages},
  author={Fowler, Martin},
  year={2010},
  publisher={Pearson Education}
}

@article{Mernik:2005:DDL:1118890.1118892,
 author = {Mernik, Marjan and Heering, Jan and Sloane, Anthony M.},
 title = {When and How to Develop Domain-specific Languages},
 journal = {ACM Comput. Surv.},
 issue_date = {December 2005},
 volume = {37},
 number = {4},
 month = dec,
 year = {2005},
 issn = {0360-0300},
 pages = {316--344},
 numpages = {29},
 url = {http://doi.acm.org/10.1145/1118890.1118892},
 doi = {10.1145/1118890.1118892},
 acmid = {1118892},
 publisher = {ACM},
 address = {New York, NY, USA},
 keywords = {Domain-specific language, application language, domain analysis, language development system},
} 

