@article{Devedzic2004,
 author = {Devedzic, Vladan},
 title = {Education and the Semantic Web},
 journal = {Int. J. Artif. Intell. Ed.},
 issue_date = {April 2004},
 volume = {14},
 number = {2},
 month = apr,
 year = {2004},
 issn = {1560-4292},
 pages = {165--191},
 numpages = {27},
 url = {http://dl.acm.org/citation.cfm?id=1434858.1434860},
 acmid = {1434860},
 publisher = {IOS Press},
 address = {Amsterdam, The Netherlands, The Netherlands},
} 


@book{OGC2011,
  added-at = {2013-06-26T11:40:19.000+0200},
  author = {OGC, Open Geospatial Consortium},
  biburl = {http://www.bibsonomy.org/bibtex/21504701675f60717f6ef726c2c883b3c/scubbx},
  edition = {1.2.1},
  editor = {Herring, John R.},
  interhash = {6277cf31daa31ee365b1305882192c77},
  intrahash = {1504701675f60717f6ef726c2c883b3c},
  keywords = {OpenGIS feature ogc simplefeature},
  timestamp = {2013-06-26T11:40:19.000+0200},
  title = {OpenGIS Implementation Standard for Geographic information - Simple feature access},
  year = 2011
}

@MISC{Kolas2009,
    author = {Dave Kolas and Ian Emmons and Mike Dean},
    title = {Efficient Linked-List RDF Indexing in Parliament},
	booktitle = {ISWC},
    year = {2009}
}
@inproceedings{Bereta2013,
  added-at = {2013-05-23T00:00:00.000+0200},
  author = {Bereta, Konstantina and Smeros, Panayiotis and Koubarakis, Manolis},
  biburl = {http://www.bibsonomy.org/bibtex/2fef4fa5dcb0ab5ce17a6cdbed65eecbc/dblp},
  booktitle = {ESWC},
  crossref = {conf/esws/2013},
  editor = {Cimiano, Philipp and Corcho, ”scar and Presutti, Valentina and Hollink, Laura and Rudolph, Sebastian},
  ee = {http://dx.doi.org/10.1007/978-3-642-38288-8_18},
  interhash = {58b35ec87fbb7523d656bfaf7e65038b},
  intrahash = {fef4fa5dcb0ab5ce17a6cdbed65eecbc},
  isbn = {978-3-642-38288-8},
  keywords = {dblp},
  pages = {259-274},
  publisher = {Springer},
  series = {Lecture Notes in Computer Science},
  timestamp = {2013-05-23T00:00:00.000+0200},
  title = {Representation and Querying of Valid Time of Triples in Linked Geospatial Data.},
  url = {http://dblp.uni-trier.de/db/conf/esws/eswc2013.html#BeretaSK13},
  volume = 7882,
  year = 2013
}


@article{Dentler2011,
 author = {Dentler, Kathrin and Cornet, Ronald and ten Teije, Annette and de Keizer, Nicolette},
 title = {Comparison of Reasoners for Large Ontologies in the OWL 2 EL Profile},
 journal = {Semant. web},
 issue_date = {April 2011},
 volume = {2},
 number = {2},
 month = apr,
 year = {2011},
 issn = {1570-0844},
 pages = {71--87},
 numpages = {17},
 url = {http://dx.doi.org/10.3233/SW-2011-0034},
 doi = {10.3233/SW-2011-0034},
 acmid = {2336453},
 publisher = {IOS Press},
 address = {Amsterdam, The Netherlands, The Netherlands},
 keywords = {DL reasoners, OWL 2 EL, SNOMED CT, biomedical ontologies, semantic web},
} 


@inproceedings{Laurindo2011,
  address = {Co-located with the 6th Iberoamerican Congress on Telematics, Gramado},
  author = {Jose Laurindo Campos dos Santos and Jose F. de Magalhaes Netto and Alberto Nogueira de Castro and Andrea C. F. Albuquerque and Edilson Ferneda and Luiza Alonso and Ricardo L. da C. Rocha and Daniel T. de Mendonca},
  publisher = {Iberoamerican Meeting of Ontological Research},
  pdf = {http://ceur-ws.org/Vol-728/paper8.pdf},
  title = {Ontologias para Interoperabilidade de Modelos e Sistemas de Informação de 
Biodiversidade},
  volume = 728,
  year = 2011
}

@article{Guizzardi2010,
  added-at = {2012-05-30T10:46:52.000+0200},
  author = {Guizzardi, Giancarlo},
  biburl = {http://www.bibsonomy.org/bibtex/2053ee89a3a1559bfac00c406b14a89fd/flint63},
  doi = {10.3233/SW-2010-0015},
  file = {IOS MetaPress:2010/Guizzardi10swj.pdf:PDF},
  groups = {public},
  interhash = {201174b962f40d44537dae2bfcf8e0d5},
  intrahash = {053ee89a3a1559bfac00c406b14a89fd},
  issn = {1570-0844},
  journal = {Semantic Web},
  keywords = {v1205 paper ai semantic web knowledge engineering tool ontology design pattern zzz.th},
  number = {1-2},
  pages = {3-10},
  timestamp = {2012-05-30T10:46:52.000+0200},
  title = {Theoretical Foundations and Engineering Tools for Building Ontologies as Reference Conceptual Models},
  username = {flint63},
  volume = 1,
  year = 2010
}



@article{Gruber1993,
 author = {Gruber, Thomas R.},
 title = {A Translation Approach to Portable Ontology Specifications},
 journal = {Knowl. Acquis.},
 issue_date = {June 1993},
 volume = {5},
 number = {2},
 month = jun,
 year = {1993},
 issn = {1042-8143},
 pages = {199--220},
 numpages = {22},
 url = {http://dx.doi.org/10.1006/knac.1993.1008},
 doi = {10.1006/knac.1993.1008},
 acmid = {173747},
 publisher = {Academic Press Ltd.},
 address = {London, UK, UK},
} 

@article{Smith2007,
  added-at = {2009-11-12T15:30:51.000+0100},
  author = {Smith, Barry and Ashburner, Michael and Rosse, Cornelius and Bard, Jonathan and Bug, William and Ceusters, Werner and Goldberg, Louis J and Eilbeck, Karen and Ireland, Amelia and Mungall, Christopher J and Leontis, Neocles and Rocca-Serra, Philippe and Ruttenberg, Alan and Sansone, Susanna-Assunta and Scheuermann, Richard H and Shah, Nigam and Whetzel, Patricia L and Lewis, Suzanna},
  biburl = {http://www.bibsonomy.org/bibtex/2056dd3c3cc47104af7ac08ed3d9297f6/tral},
  interhash = {116809263f6c559f1b25763ea18c1b3c},
  intrahash = {056dd3c3cc47104af7ac08ed3d9297f6},
  issn = {1087-0156},
  journal = {Nat Biotech},
  keywords = {_toread bio-ontology},
  month = {nov},
  number = 11,
  pages = {1251--1255},
  publisher = {Nature Publishing Group},
  timestamp = {2009-11-12T15:30:51.000+0100},
  title = {The OBO Foundry: coordinated evolution of ontologies to support biomedical data integration},
  url = {http://dx.doi.org/10.1038/nbt1346},
  volume = 25,
  year = 2007
}



@misc{Noy2001,
  added-at = {2012-10-26T14:25:11.000+0200},
  author = {Noy, Natalya F. and {Mcguinness}, Deborah L.},
  biburl = {http://www.bibsonomy.org/bibtex/283e7cec727a47c6aa2bacd27f947cc1b/mariano.georges},
  citeulike-article-id = {909628},
  citeulike-linkout-0 = {http://www.ksl.stanford.edu/people/dlm/papers/ontology101/ontology101-noy-mcguinness.html},
  howpublished = {Online},
  interhash = {2a496bb63d728d96264a50c0a4960e9a},
  intrahash = {83e7cec727a47c6aa2bacd27f947cc1b},
  keywords = {dt, dt-n7, ontology, protege},
  posted-at = {2007-08-13 08:26:54},
  priority = {2},
  timestamp = {2012-10-26T14:25:11.000+0200},
  title = {Ontology Development 101: A Guide to Creating Your First Ontology},
  url = {http://www.ksl.stanford.edu/people/dlm/papers/ontology101/ontology101-noy-mcguinness.html},
  year = 2001
}


@article{bernerslee2001,
  added-at = {2012-04-02T16:25:07.000+0200},
  author = {Berners-Lee, Tim and Hendler, James and Lassila, Ora},
  biburl = {http://www.bibsonomy.org/bibtex/2222934145a71a9d6cfbbb375d4d62c1d/eakaluk},
  interhash = {e87f09446138a81e6478625da97885b6},
  intrahash = {222934145a71a9d6cfbbb375d4d62c1d},
  journal = {Scientific American},
  keywords = {},
  lastdatemodified = {2007-04-27},
  lastname = {Berners-Lee},
  month = may,
  number = 5,
  own = {notown},
  pages = {34-43},
  read = {notread},
  title = {The Semantic Web},
  url = {http://www.sciam.com/article.cfm?articleID=00048144-10D2-1C70-84A9809EC588EF21},
  volume = 284,
  year = 2001
}


@inproceedings{Boley2001,
  added-at = {2008-11-14T21:39:32.000+0100},
  address = {Stanford University, California},
  author = {Boley, S. Tabet H. and Wagner, G.},
  biburl = {http://www.bibsonomy.org/bibtex/2398b130858b0d8d8a0edaef6bbbfca3e/benedikt.linse},
  booktitle = {Proc. Semantic Web Working Symposium},
  editor = {Cruz, I. F. and Decker, S. and Euzenat, J. and McGuinness, D. L.},
  interhash = {f49179d791e400c00877db7842f4c1fa},
  intrahash = {398b130858b0d8d8a0edaef6bbbfca3e},
  keywords = {RDF RuleML Rules SemanticWeb},
  pages = {381-402},
  pdf = {http://www.semanticweb.org/SWWS/program/full/paper20.pdf},
  timestamp = {2008-11-14T21:39:32.000+0100},
  title = {Design Rationale of {RuleML}: A Markup Language for Semantic Web Rules},
  year = 2001
}

@incollection{McDonald1996,
 author = {McDonald, David D.},
 chapter = {Internal and External Evidence in the Identification and Semantic Categorization of Proper Names},
 title = {Corpus Processing for Lexical Acquisition},
 editor = {Boguraev, Branimir and Pustejovsky, James},
 year = {1996},
 isbn = {0-262-02392-X},
 pages = {21--39},
 numpages = {19},
 url = {http://dl.acm.org/citation.cfm?id=265994.265996},
 acmid = {265996},
 publisher = {MIT Press},
 address = {Cambridge, MA, USA},
} 

@inproceedings{Leveling2007,
  added-at = {2010-07-12T15:51:17.000+0200},
  address = {Budapest, Hungary},
  author = {Leveling, Johannes and Hartrumpf, Sven},
  biburl = {http://www.bibsonomy.org/bibtex/2dac4f2949960b58ee6518a9fc772dcaf/johannes},
  booktitle = {Results of the CLEF 2007 Cross-Language System
                  Evaluation Campaign, Working Notes for the CLEF 2007
                  Workshop},
  description = {johannes full bib},
  interhash = {7bfa7991d0bfaf384418d0720d811ff8},
  intrahash = {dac4f2949960b58ee6518a9fc772dcaf},
  isbn = {2-912335-32-9},
  keywords = {imported},
  timestamp = {2010-07-12T15:51:17.000+0200},
  title = {University of {H}agen at {GeoCLEF} 2007: Exploring
                  Location Indicators for Geographic Information
                  Retrieval},
  url = {http://www.clef-campaign.org/2007/working_notes/levelingCLEF2007.pdf},
  year = 2007
}



@inproceedings{Smith2003,
 author = {Smith, David A. and Mann, Gideon S.},
 title = {Bootstrapping Toponym Classifiers},
 booktitle = {Proceedings of the HLT-NAACL 2003 Workshop on Analysis of Geographic References - Volume 1},
 series = {HLT-NAACL-GEOREF '03},
 year = {2003},
 pages = {45--49},
 numpages = {5},
 url = {http://dx.doi.org/10.3115/1119394.1119401},
 doi = {10.3115/1119394.1119401},
 acmid = {1119401},
 publisher = {Association for Computational Linguistics},
 address = {Stroudsburg, PA, USA},
} 

@inproceedings{Garbin2005,
  acmid = {1220621},
  added-at = {2012-10-03T09:34:09.000+0200},
  address = {Stroudsburg, PA, USA},
  author = {Garbin, Eric and Mani, Inderjeet},
  biburl = {http://www.bibsonomy.org/bibtex/2de574cf3bff3a3748fcd9bd5a9a0f3d1/jaeschke},
  booktitle = {Proceedings of the conference on Human Language Technology and Empirical Methods in Natural Language Processing},
  doi = {10.3115/1220575.1220621},
  interhash = {566910cb6e9745ee70da19d2ccafaffa},
  intrahash = {de574cf3bff3a3748fcd9bd5a9a0f3d1},
  keywords = {disambiguation extraction geo map news toponym},
  location = {Vancouver, British Columbia, Canada},
  numpages = {8},
  pages = {363--370},
  publisher = {Association for Computational Linguistics},
  timestamp = {2012-10-03T09:34:09.000+0200},
  title = {Disambiguating toponyms in news},
  url = {http://dx.doi.org/10.3115/1220575.1220621},
  year = 2005
}



@misc{Leidner2004,
    author = {Leidner, J.},
    citeulike-article-id = {2063107},
    citeulike-linkout-0 = {http://citeseerx.ist.psu.edu/viewdoc/summary?doi=10.1.1.1.7914},
    keywords = {evaluation, geotagging},
    posted-at = {2007-12-05 17:05:49},
    priority = {0},
    title = {{Towards a reference corpus for automatic toponym resolution evaluation}},
    url = {http://citeseerx.ist.psu.edu/viewdoc/summary?doi=10.1.1.1.7914},
    year = {2004}
}


@inproceedings{Larson2004,
  added-at = {2006-02-10T00:00:00.000+0100},
  author = {Larson, Ray R. and Frontiera, Patricia},
  biburl = {http://www.bibsonomy.org/bibtex/2cd5a60b32e906a1bfba495fe5fb62f66/dblp},
  booktitle = {SIGIR},
  crossref = {conf/sigir/2004},
  date = {2006-02-10},
  description = {dblp},
  editor = {Sanderson, Mark and Järvelin, Kalervo and Allan, James and Bruza, Peter},
  ee = {http://doi.acm.org/10.1145/1008992.1009143},
  interhash = {e4f53ba5cdbdd10ab38d931324dcf48a},
  intrahash = {cd5a60b32e906a1bfba495fe5fb62f66},
  isbn = {1-58113-881-4},
  keywords = {dblp},
  pages = 600,
  publisher = {ACM},
  timestamp = {2006-02-10T00:00:00.000+0100},
  title = {Geographic information retrieval (GIR): searching where and what.},
  url = {http://dblp.uni-trier.de/db/conf/sigir/sigir2004.html#LarsonF04},
  year = 2004
}



@inproceedings{Davis2003,
  added-at = {2005-10-27T00:00:00.000+0200},
  author = {Davis, Clodoveu A. and Fonseca, Frederico T. and Borges, Karla A. V.},
  biburl = {http://www.bibsonomy.org/bibtex/2372fdcb3acb6880d80ba9b090fe55f0b/dblp},
  booktitle = {GeoInfo},
  crossref = {conf/geoinfo/2003},
  date = {2005-10-27},
  description = {dblp},
  interhash = {5873aae364c331554585a9779ce66545},
  intrahash = {372fdcb3acb6880d80ba9b090fe55f0b},
  keywords = {dblp},
  timestamp = {2005-10-27T00:00:00.000+0200},
  title = {A Flexible Addressing System for Approximate Geocoding.},
  url = {http://dblp.uni-trier.de/db/conf/geoinfo/geoinfo2003.html#DavisFB03},
  year = 2003
}


@article{Gruber2005,
  added-at = {2006-12-19T21:25:03.000+0100},
  author = {Gruber, Tom},
  biburl = {http://www.bibsonomy.org/bibtex/2b9ee5ae9eaa3b667a11b98c86c456ee2/blaueasterpro},
  booktitle = {First on-Line conference on Metadata and Semantics Research (MTSR'05)},
  interhash = {c28aeda316dc80d8e8d63358c840978b},
  intrahash = {b9ee5ae9eaa3b667a11b98c86c456ee2},
  keywords = {folksonomy ontology 2005 unread},
  timestamp = {2006-12-19T21:25:03.000+0100},
  title = {Ontology of Folksonomy:A Mash-up of Apples and Oranges},
  url = {http://tomgruber.org/writing/ontology-of-folksonomy.htm},
  year = 2005
}



@inproceedings{Kessler2009,
  added-at = {2009-11-24T00:00:00.000+0100},
  author = {Keﬂler, Carsten and MauÈ, Patrick and Heuer, Jan Torben and Bartoschek, Thomas},
  biburl = {http://www.bibsonomy.org/bibtex/2a4b32b76691653e743326e3319213832/dblp},
  booktitle = {GeoS},
  crossref = {conf/geos/2009},
  date = {2009-11-24},
  description = {dblp},
  editor = {Janowicz, Krzysztof and Raubal, Martin and Levashkin, Sergei},
  ee = {http://dx.doi.org/10.1007/978-3-642-10436-7_6},
  interhash = {ffa108b7f6cc60afc44399be79b365ec},
  intrahash = {a4b32b76691653e743326e3319213832},
  isbn = {978-3-642-10435-0},
  keywords = {dblp},
  pages = {83-102},
  publisher = {Springer},
  series = {Lecture Notes in Computer Science},
  timestamp = {2009-11-24T00:00:00.000+0100},
  title = {Bottom-Up Gazetteers: Learning from the Implicit Semantics of Geotags.},
  url = {http://dblp.uni-trier.de/db/conf/geos/geos2009.html#KesslerMHB09},
  volume = 5892,
  year = 2009
}


@inproceedings{Hill2000,
  added-at = {2002-01-03T00:00:00.000+0100},
  author = {Hill, Linda L.},
  biburl = {http://www.bibsonomy.org/bibtex/24c63463283c6c89a43852556ae41a322/dblp},
  booktitle = {ECDL},
  crossref = {conf/ercimdl/2000},
  date = {2002-01-03},
  description = {dblp},
  editor = {Borbinha, JosÈ Luis and Baker, Thomas},
  ee = {http://link.springer.de/link/service/series/0558/bibs/1923/19230280.htm},
  interhash = {e944e8d29a82585865d7535b7413a4c9},
  intrahash = {4c63463283c6c89a43852556ae41a322},
  isbn = {3-540-41023-6},
  keywords = {dblp},
  pages = {280-290},
  publisher = {Springer},
  series = {Lecture Notes in Computer Science},
  timestamp = {2002-01-03T00:00:00.000+0100},
  title = {Core Elements of Digital Gazetteers: Placenames, Categories, and Footprints.},
  url = {http://dblp.uni-trier.de/db/conf/ercimdl/ecdl2000.html#Hill00},
  volume = 1923,
  year = 2000
}


@book{Salton1989,
 author = {Salton, Gerard},
 title = {Automatic Text Processing: The Transformation, Analysis, and Retrieval of Information by Computer},
 year = {1989},
 isbn = {0-201-12227-8},
 publisher = {Addison-Wesley Longman Publishing Co., Inc.},
 address = {Boston, MA, USA},
} 

@article{Larson1996,
    abstract = {{Digital library (DL) projects are beginning to create very large-scale repositories of digital information on a wide range of topics. As with traditional print libraries, this information can be indexed and retrieved in a variety of ways, ranging from purely descriptive cataloging of items in the database and topical analysis of content, to more specialized methods of classification and description that exploit the characteristics of digital information. This paper will examine the problems and prospects of a class of retrieval and indexing methods that are particularly suited to digital library materials with geographic content or associations. The characteristics of spatial queries and some of the problems of uncertainty and approximation in spatial and geographic information retrieval are discussed. Requirements and a methodologyfor automatic indexing and georeferencing of text documents are then examined. A "state-of-the-art" examination of network access to georeferenced information is provided, and a specification language and tool for development of graphical interfaces to support geographic information retrieval and spatial browsing is also described. In conclusion, general issues and characteristics of georeferenced multimedia information systems are discussed.}},
    author = {Larson, Ray R.},
    citeulike-article-id = {3310295},
    editor = {Smith, Linda and Gluck, Myke},
    journal = {GIS and Libraries: Patrons, Maps and Spatial Information},
    keywords = {gir, information-retrieval},
    month = apr,
    pages = {81--124},
    posted-at = {2008-09-21 17:46:33},
    priority = {2},
    publisher = {University of Illinois},
    title = {{Geographic Information Retrieval and Spatial Browsing}},
    year = {1996}
}


@inproceedings{Jones2002,
 author = {Jones, Christopher B. and Purves, R. and Ruas, A. and Sanderson, M. and Sester, M. and van Kreveld, M. and Weibel, R.},
 title = {Spatial Information Retrieval and Geographical Ontologies an Overview of the SPIRIT Project},
 booktitle = {Proceedings of the 25th Annual International ACM SIGIR Conference on Research and Development in Information Retrieval},
 series = {SIGIR '02},
 year = {2002},
 isbn = {1-58113-561-0},
 location = {Tampere, Finland},
 pages = {387--388},
 numpages = {2},
 url = {http://doi.acm.org/10.1145/564376.564457},
 doi = {10.1145/564376.564457},
 acmid = {564457},
 publisher = {ACM},
 address = {New York, NY, USA},
} 

@incollection{Gey2006,
    abstract = {{GeoCLEF was a new pilot track in CLEF 2005. GeoCLEF was to test and evaluate cross-language geographic information retrieval (GIR) of text. Geographic information retrieval is retrieval oriented toward the geographic specification in the description of the search topic and returns documents which satisfy this geographic information need. For GeoCLEF 2005, twenty-five search topics were defined for searching against the English and German ad-hoc document collections of CLEF. Topic languages were English, German, Portuguese and Spanish. Eleven groups submitted runs and about 25,000 documents (half English and half German) in the pooled runs were judged by the organizers. The groups used a variety of approaches, including geographic bounding boxes and external knowledge bases (geographic thesauri and ontologies and gazetteers). The results were encouraging but showed that additional work needs to be done to refine the task for GeoCLEF in 2006.}},
    author = {Gey, Fredric and Larson, Ray and Sanderson, Mark and Joho, Hideo and Clough, Paul and Petras, Vivien},
    citeulike-article-id = {5891777},
    citeulike-linkout-0 = {http://dx.doi.org/10.1007/11878773\_101},
    doi = {10.1007/11878773\_101},
    journal = {Accessing Multilingual Information Repositories},
    keywords = {file-import-09-10-05, sharks},
    pages = {908--919},
    posted-at = {2009-10-05 18:38:46},
    priority = {2},
    title = {{GeoCLEF: The CLEF 2005 Cross-Language Geographic Information Retrieval Track Overview}},
    url = {http://dx.doi.org/10.1007/11878773\_101},
    year = {2006}
}


@article{Jones2008,
  added-at = {2012-10-16T17:07:18.000+0200},
  author = {Jones, Christopher B. and Purves, Ross S.},
  biburl = {http://www.bibsonomy.org/bibtex/2bd31b7d8c2d93542f4aa8f34860ae73b/gzymeri},
  doi = {10.1080/13658810701626343},
  eprint = {http://www.tandfonline.com/doi/pdf/10.1080/13658810701626343},
  interhash = {459c684a58cc75cbfd2dbcbe7ea74349},
  intrahash = {bd31b7d8c2d93542f4aa8f34860ae73b},
  journal = {International Journal of Geographical Information Science},
  keywords = {MA extract geo retrieval ¸berblick},
  number = 3,
  pages = {219-228},
  timestamp = {2012-10-16T17:07:18.000+0200},
  title = {Geographical information retrieval},
  url = {http://www.tandfonline.com/doi/abs/10.1080/13658810701626343},
  volume = 22,
  year = 2008
}



@inproceedings{Jones2001,
  added-at = {2011-06-28T00:00:00.000+0200},
  author = {Jones, Christopher B. and Alani, Harith and Tudhope, Douglas},
  biburl = {http://www.bibsonomy.org/bibtex/2f7800761952703142231bd20277c2a89/dblp},
  booktitle = {COSIT},
  crossref = {conf/cosit/2001},
  editor = {Montello, Daniel R.},
  ee = {http://dx.doi.org/10.1007/3-540-45424-1_22},
  interhash = {514f7dc05195d9afd40b9c18dbb1a675},
  intrahash = {f7800761952703142231bd20277c2a89},
  isbn = {3-540-42613-2},
  keywords = {dblp},
  pages = {322-335},
  publisher = {Springer},
  series = {Lecture Notes in Computer Science},
  timestamp = {2011-06-28T00:00:00.000+0200},
  title = {Geographical Information Retrieval with Ontologies of Place.},
  url = {http://dblp.uni-trier.de/db/conf/cosit/cosit2001.html#JonesAT01},
  volume = 2205,
  year = 2001
}



@inproceedings{Buyukokkten1999,
  added-at = {2012-10-18T15:23:18.000+0200},
  author = {Buyukokkten, O. and Cho, J. and Garcia-Molina, H. and Gravano, L. and Shivakumar, N.},
  biburl = {http://www.bibsonomy.org/bibtex/2e11318a53e9580e3b7ef3a43aebe6151/gzymeri},
  booktitle = {ACM SIGMOD Workshop on The Web and Databases (WebDB'99)},
  interhash = {f372659655611b5bc702944b4a42a083},
  intrahash = {e11318a53e9580e3b7ef3a43aebe6151},
  keywords = {GIR MA extract geo scope},
  timestamp = {2012-10-18T15:23:18.000+0200},
  title = {Exploiting Geographical Location Information of Web Pages},
  url = {http://ilpubs.stanford.edu:8090/415/},
  year = 1999
}



@inproceedings{Giles1998,
  added-at = {2006-06-16T10:34:37.000+0200},
  address = {Pittsburgh, PA},
  author = {Giles, Lee C. and Bollacker, Kurt and Lawrence, Steve},
  biburl = {http://www.bibsonomy.org/bibtex/271f58185624e2bddae2c636952d0c84c/ldietz},
  booktitle = {Digital Libraries 98 - The Third ACM Conference on Digital Libraries},
  citeulike-article-id = {344924},
  comment = {Main.ThomasHofmannCiteSeer},
  editor = {Witten, Ian and Akscyn, Rob and Shipman, Frank M.},
  interhash = {2bca4298c76b86fc4262b98c0378f762},
  intrahash = {71f58185624e2bddae2c636952d0c84c},
  keywords = {citeseer mustread socialnets},
  month = {June FebruaryMarch--FebruaryJune},
  pages = {89--98},
  priority = {3},
  publisher = {ACM Press},
  timestamp = {2006-06-16T10:34:37.000+0200},
  title = {CiteSeer: An Automatic Citation Indexing System},
  url = {http://citeseer.ist.psu.edu/108208.html},
  year = 1998
}


@inproceedings{Pagee1998,
  added-at = {2008-01-09T21:02:24.000+0100},
  address = {Brisbane, Australia},
  author = {Page, L. and Brin, S. and Motwani, R. and Winograd, T.},
  biburl = {http://www.bibsonomy.org/bibtex/2ac49c33e114ca171db40cece6a0ae4d6/sac},
  booktitle = {Proceedings of the 7th International World Wide Web Conference},
  interhash = {ca10cf0b0dd668c64b1f378ff0775849},
  intrahash = {ac49c33e114ca171db40cece6a0ae4d6},
  keywords = {2007 kde pagerank seminar web},
  pages = {161--172},
  timestamp = {2008-01-09T21:02:24.000+0100},
  title = {The PageRank citation ranking: Bringing order to the Web},
  url = {citeseer.nj.nec.com/page98pagerank.html},
  year = 1998
}



@MASTERSTHESIS{Gouvea2009,
AUTHOR =       "Cleber GouvÍa",
TITLE =        "Uma Abordagem para o Enriquecimento de Gazetteers a partir de NotÌcias visando o Georreferenciamento de Textos na Web",
publisher =    "Universidade CatÛlica de Pelotas Centro PolitÈcnico, Pelotas",
YEAR =         "2009",
type =         "Mestrado",
url = {http://ppginf.ucpel.tche.br/DM-Arquivos/2009/PPGINF-UCPel-DM-2009-1-001.pdf}
}

@MISC{Rubin2007,
    author = {Daniel L. Rubin and Natalya F. Noy and Mark A. Musen},
    title = {ProtÈgÈ: A Tool for Managing and Using Terminology in Radiology Applications},
    year = {2007}
}

@MASTERSTHESIS{Flor2014,
AUTHOR =       "Flor Karina Mamani Amanqui",
TITLE =        " Uma arquitetura para sistemas de busca sem‚ntica para recuperaÁ„o de informaÁıes em repositÛrios de biodiversidade",
publisher =       "ICMC-USP, Instituto de CiÍncias Matem·ticas e de ComputaÁ„o, Universidade de S„o Paulo, S„o Carlos",
YEAR =         "2014",
type =         "Mestrado",
url = {http://www.teses.usp.br/teses/disponiveis/55/55134/tde-03072014-150009/}
}


@MASTERSTHESIS{Serique2012,
AUTHOR =       "Kleberson Junio Amaral Serique",
TITLE =        "AnotaÁ„o de imagens radiolÛgicas usando a web sem‚ntica para colaboraÁ„o cientÌfica e clÌnica",
publisher =       "ICMC-USP, Instituto de CiÍncias Matem·ticas e de ComputaÁ„o, Universidade de S„o Paulo, S„o Carlos",
YEAR =         "2012",
type =         "Mestrado",
url = {http://www.teses.usp.br/teses/disponiveis/55/55134/tde-10092012-155249/}
}

@book{Cooper2008,
   title = "GWT in Pratice",
   author = "Robert Cooper and Charles Collins",
   publisher = "Manning Publications",
   isbn = "1-933988-29-0",
   year = 2008
}

@book{Shah2008,
   title = "Web 2.0 security : defending Ajax, {RIA}, and {SOA}",
   author = "Shah, Shreeraj",
   series = "Charles River Media Internet series",
   publisher = "Charles River Media",
   address = "Boston",
   url = "http://opac.inria.fr/record=b1124813",
   isbn = "978-1-584-50550-1",
   note = "Index",
   year = 2008
}
@techreport{Geiza2004,
  address = {http://www2.ic.uff.br/~gsilva/slreic.pdf},
  author = {Geiza Cristina da Silva and TarcÌsio de Souza Lima},
  url = {http://www2.ic.uff.br/~gsilva/slreic.pdf},
  institution = {UFJF},
  title = {{RDF e RDFS na Infra-estrutura de Suporte ‡ Web Sem‚ntica}},
  year = 2004
}

@article{SOUZA2004,
   title = {{A Web Sem‚ntica e suas contribuiÁıes para a ciÍncia da informaÁ„o}},
   journal = {{CiÍncia da InformaÁ„o}},
   author={Renato Rocha Souza and LÌdia Alvarenga},
   ISSN = {0100-1965},
   language = {pt},
   URL = {http://www.scielo.br/scielo.php?script=sci_arttext&pid=S0100-19652004000100016&nrm=iso},
   volume = {33},
   year = {2004},
   month = {04},
   pages = {132 - 141},
   publisher = {scielo},
   crossref = {10.1590/S0100-19652004000100016},
   }

@techreport{bechhofer2004,
  added-at = {2009-11-25T18:41:14.000+0100},
  address = {http://www.w3.org/TR/owl-ref/},
  author = {Bechhofer, Sean and van Harmelen, Frank and Hendler, Jim and Horrocks, Ian and McGuinness, Deborah L. and Patel-Schneider, Peter F. and Stein, Lynn Andrea},
  biburl = {http://www.bibsonomy.org/bibtex/2fd309efe1d267447a15113f8aec77dc2/sonntag},
  description = {Daniel Sonntag all references},
  institution = {W3C},
  interhash = {a88b5e9d8158d7a1ac810db76ff0205e},
  intrahash = {fd309efe1d267447a15113f8aec77dc2},
  keywords = {QABook imported},
  month = {February},
  owner = {sonntag},
  timestamp = {2009-11-25T18:41:14.000+0100},
  title = {{OWL Web Ontology Language Reference}},
  year = 2004
}

@inproceedings{Koubarakis2012,
  added-at = {2012-12-18T00:00:00.000+0100},
  author = {Koubarakis, Manolis and Karpathiotakis, Manos and Kyzirakos, Kostis and Nikolaou, Charalampos and Sioutis, Michael},
  biburl = {http://www.bibsonomy.org/bibtex/217e088008c6c8a2aac7531c7638ff11f/dblp},
  booktitle = {Reasoning Web},
  crossref = {conf/rweb/2012},
  editor = {Eiter, Thomas and Krennwallner, Thomas},
  ee = {http://dx.doi.org/10.1007/978-3-642-33158-9_8},
  interhash = {ab573af3fb08c762f316685fa2d9346c},
  intrahash = {17e088008c6c8a2aac7531c7638ff11f},
  isbn = {978-3-642-33157-2},
  keywords = {dblp},
  pages = {290-328},
  publisher = {Springer},
  series = {Lecture Notes in Computer Science},
  timestamp = {2012-12-18T00:00:00.000+0100},
  title = {Data Models and Query Languages for Linked Geospatial Data.},
  url = {http://dblp.uni-trier.de/db/conf/rweb/rweb2012.html#KoubarakisKKNS12},
  volume = 7487,
  year = 2012
}


@inproceedings{Kessler2012,
  added-at = {2012-09-06T00:00:00.000+0200},
  author = {Keﬂler, Carsten and Janowicz, Krzysztof and Kauppinen, Tomi},
  biburl = {http://www.bibsonomy.org/bibtex/289ca17478a689e8303d3feedc454d649/dblp},
  booktitle = {GIScience},
  crossref = {conf/giscience/2012},
  editor = {Xiao, Ningchuan and Kwan, Mei-Po and Goodchild, Michael F. and Shekhar, Shashi},
  ee = {http://dx.doi.org/10.1007/978-3-642-33024-7_8},
  interhash = {81c902c08ba7be6f68f9b555eea8ea80},
  intrahash = {89ca17478a689e8303d3feedc454d649},
  isbn = {978-3-642-33023-0},
  keywords = {dblp},
  pages = {102-115},
  publisher = {Springer},
  series = {Lecture Notes in Computer Science},
  timestamp = {2012-09-06T00:00:00.000+0200},
  title = {spatial@linkedscience - Exploring the Research Field of GIScience with Linked Data.},
  url = {http://dblp.uni-trier.de/db/conf/giscience/giscience2012.html#KesslerJK12},
  volume = 7478,
  year = 2012
}

@ARTICLE{jacard,
title = {Similarity coefficient methods applied to the cell formation problem: A taxonomy and review},
author = {Yin, Yong and Yasuda, Kazuhiko},
year = {2006},
journal = {International Journal of Production Economics},
volume = {101},
number = {2},
pages = {329-352},
url = {http://EconPapers.repec.org/RePEc:eee:proeco:v:101:y:2006:i:2:p:329-352}
}

@inproceedings{GBIF,
   author              = {GBIF},
   title               = {Data Portal of the Global Biodiversity Information Facility (GBIF)},
   url = {http://www.gbif.org},
   booktitle = {online},
   year = 2014
}

@article{BIOTAFAPESP,
    author = {Metzger, Jean-paul and Casatti, Lilian},
    citeulike-article-id = {12009397},
    citeulike-linkout-0 = {http://www.scielo.br/scielo.php?script=sci\_arttext\&\#38;pid=S1676-06032006000200002\&\#38;lng=pt\&\#38;nrm=iso\&\#38;tlng=pt},
    citeulike-linkout-1 = {http://dx.doi.org/10.1590/S1676-06032006000200002},
    doi = {10.1590/S1676-06032006000200002},
    journal = {Biota Neotropica},
    keywords = {analysis, areas, biological, biota, brazil, ecological, fapesp, gap, indicators, paulo, priority, program, reserves, sao, state},
    number = {2},
    pages = {1--23},
    pdf = {file:///C:/Users/Thiago Silva/Documents/Mendeley Desktop/2006/Metzger, Casatti - Do diagn\'{o}stico \`{a} conserva\c{c}\~{a}o da biodiversidade o estado da arte do programa BIOTAFAPESP - Biota Neotropica - 2006.pdf},
    posted-at = {2013-02-09 10:04:56},
    priority = {2},
    title = {{Do diagn\'{o}stico \`{a} conserva\c{c}\~{a}o da biodiversidade: o estado da arte do programa BIOTA/FAPESP}},
    url = {http://www.scielo.br/scielo.php?script=sci\_arttext\&\#38;pid=S1676-06032006000200002\&\#38;lng=pt\&\#38;nrm=iso\&\#38;tlng=pt},
    volume = {6},
    year = {2006}
}

@inproceedings{Farias2010,
  author = {Farias, E. M. B. and Campos dos Santos J. L. and Geller, M. T. b.},
  crossref = {Boa Vista - Roraima},
  booktitle = {II Jornada CientÌfica de ComputaÁ„o (JCC 2010)},
  publisher = {Anais da II Jornada CientÌfica de ComputaÁ„o},
  title = {Proposta para IntegraÁ„o de Geo-dados BiolÛgicos um Gazetteer Colaborativo},
  year = 2010
}


@inproceedings{SpeciesLink,
   author              = {SpeciesLink},
   title               = {Sistema de InformaÁ„o DistribuÌdo para ColeÁıes BiolÛgicas: a IntegraÁ„o do Species Analyst e do SinBiota (FAPESP)},
   url = {http://splink.cria.org.br/description?criaLANG=pt},
   booktitle = {online},
   year = 2014
}

@inproceedings{Gil2010,
  added-at = {2011-04-05T00:00:00.000+0200},
  author = {Gil, Fabiana B. and Kozievitch, N·dia P. and da Silva Torres, Ricardo},
  biburl = {http://www.bibsonomy.org/bibtex/2094ae3847e1deaf102d3573699a54dc0/dblp},
  booktitle = {GeoInfo},
  crossref = {conf/geoinfo/2010},
  editor = {Bogorny, Vania and Vinhas, L˙bia},
  ee = {http://www.geoinfo.info/geoinfo2010/proceedings_geoinfo2010.pdf#page=33},
  interhash = {e07b1ae9bb3b39b8847f071b414250ee},
  intrahash = {094ae3847e1deaf102d3573699a54dc0},
  keywords = {dblp},
  pages = {33-44},
  publisher = {MCT/INPE},
  timestamp = {2011-04-05T00:00:00.000+0200},
  title = {A Geographic Annotation Service for Biodiversity Systems.},
  url = {http://dblp.uni-trier.de/db/conf/geoinfo/geoinfo2010.html#GilKT10},
  year = 2010
}

@article{Bisby2000,
    abstract = {{The massive development of biodiversity-related information systems on the Internet has created much that appears exciting but chaotic, a diversity to match biodiversity itself. This richness and the arrays of new sources are counterbalanced by the maddening difficulty in knowing what is where, or of comparing like with like. But quietly, behind the first waves of exuberance, biologists and computer scientists have started to pull together in a rising tide of coherence and organization. The fledgling field of biodiversity informatics looks set to deliver major advances that could turn the Internet into a giant global biodiversity information system.}},
    author = {Bisby, Frank A.},
    citeulike-article-id = {6540077},
    citeulike-linkout-0 = {http://dx.doi.org/10.1126/science.289.5488.2309},
    citeulike-linkout-1 = {http://www.sciencemag.org/content/289/5488/2309.abstract},
    citeulike-linkout-2 = {http://www.sciencemag.org/content/289/5488/2309.full.pdf},
    citeulike-linkout-3 = {http://www.sciencemag.org/cgi/content/abstract/289/5488/2309},
    citeulike-linkout-4 = {http://view.ncbi.nlm.nih.gov/pubmed/11009408},
    citeulike-linkout-5 = {http://www.hubmed.org/display.cgi?uids=11009408},
    day = {29},
    doi = {10.1126/science.289.5488.2309},
    issn = {1095-9203},
    journal = {Science},
    keywords = {biodiversity\_informatics},
    month = sep,
    number = {5488},
    pages = {2309--2312},
    pmid = {11009408},
    posted-at = {2011-09-19 12:53:00},
    priority = {2},
    publisher = {American Association for the Advancement of Science},
    title = {{The Quiet Revolution: Biodiversity Informatics and the Internet}},
    url = {http://dx.doi.org/10.1126/science.289.5488.2309},
    volume = {289},
    year = {2000}
}


@article{ALHO2008,
   title = {{The value of biodiversity}},
   journal = {{Brazilian Journal of Biology}},
   author={Alho, CJR.},
   ISSN = {1519-6984},
   language = {en},
   URL = {http://www.scielo.br/scielo.php?script=sci_arttext&pid=S1519-69842008000500018&nrm=iso},
   volume = {68},
   year = {2008},
   month = {11},
   pages = {1115 - 1118},
   publisher = {scielo},
   crossref = {10.1590/S1519-69842008000500018},
   }

@inproceedings{Parundekar2010,
  added-at = {2010-12-13T00:00:00.000+0100},
  author = {Parundekar, Rahul and Knoblock, Craig A. and Ambite, JosÈ Luis},
  biburl = {http://www.bibsonomy.org/bibtex/2a6e7ec5e2495a96042ad4b6e27358d76/dblp},
  booktitle = {International Semantic Web Conference (1)},
  crossref = {conf/semweb/2010-1},
  editor = {Patel-Schneider, Peter F. and Pan, Yue and Hitzler, Pascal and Mika, Peter and 0007, Lei Zhang and Pan, Jeff Z. and Horrocks, Ian and Glimm, Birte},
  ee = {http://dx.doi.org/10.1007/978-3-642-17746-0_38},
  interhash = {04bbd2becd5d60f3b01249b98e660d13},
  intrahash = {a6e7ec5e2495a96042ad4b6e27358d76},
  isbn = {978-3-642-17745-3},
  keywords = {dblp},
  pages = {598-614},
  publisher = {Springer},
  series = {Lecture Notes in Computer Science},
  timestamp = {2010-12-13T00:00:00.000+0100},
  title = {Linking and Building Ontologies of Linked Data.},
  url = {http://dblp.uni-trier.de/db/conf/semweb/iswc2010-1.html#ParundekarKA10},
  volume = 6496,
  year = 2010
}



@inproceedings{Amanqui2013,
  added-at = {2013-09-25T00:00:00.000+0200},
  author = {Amanqui, Flor K. and Serique, Kleberson J. and Lamping, Franco and Albuquerque, Andrea C. F. and Santos, JosÈ L. C. Dos and Moreira, Dilvan A.},
  biburl = {http://www.bibsonomy.org/bibtex/254ea6acec48d99fded1bae05e8dd4c0a/dblp},
  booktitle = {ONTOBRAS},
  crossref = {conf/ontobras/2013},
  editor = {Bax, Marcello Peixoto and Almeida, Mauricio Barcellos and Wassermann, Renata},
  ee = {http://ceur-ws.org/Vol-1041/ontobras-2013_paper29.pdf},
  interhash = {fe1a307e8790ec88c6bc25d1881f1cd5},
  intrahash = {54ea6acec48d99fded1bae05e8dd4c0a},
  keywords = {dblp},
  pages = {83-93},
  publisher = {CEUR-WS.org},
  series = {CEUR Workshop Proceedings},
  timestamp = {2013-09-25T00:00:00.000+0200},
  title = {Semantic Search Architecture for Retrieving Information in Biodiversity Repositories.},
  url = {http://dblp.uni-trier.de/db/conf/ontobras/ontobras2013.html#AmanquiSLASM13},
  volume = 1041,
  year = 2013
}

@inproceedings{Berners-Lee2006,
  added-at = {2008-07-22T17:45:44.000+0200},
  author = {Berners-Lee, Tim and Chen, Yuhsin and Chilton, Lydia and Connolly, Dan and Dhanaraj, Ruth and Hollenbach, James and Lerer, Adam and Sheets, David},
  biburl = {http://www.bibsonomy.org/bibtex/2552737aed5ba6da5c90a0b2a835c76b5/terraces},
  booktitle = {Proceedings of the 3rd International Semantic Web User Interaction},
  description = {My bibtex file},
  interhash = {1a37f4b792ce4671d645698e7b2891fe},
  intrahash = {552737aed5ba6da5c90a0b2a835c76b5},
  keywords = {browser linkeddata},
  owner = {moustaki},
  pdf = {sw/Berners-Lee.pdf},
  timestamp = {2008-07-22T17:45:44.000+0200},
  title = {Tabulator: Exploring and Analyzing linked data on the Semantic Web},
  url = {http://swui.semanticweb.org/swui06/papers/Berners-Lee/Berners-Lee.pdf},
  year = 2006
}

@book{Heath2011,
  abstract = {The World Wide Web has enabled the creation of a global information space comprising linked documents. As the Web becomes ever more enmeshed with our daily lives, there is a growing desire for direct access to raw data not currently available on the Web or bound up in hypertext documents. Linked Data provides a publishing paradigm in which not only documents, but also data, can be a first class citizen of the Web, thereby enabling the extension of the Web with a global data space based on open standards - the Web of Data. In this Synthesis lecture we provide readers with a detailed technical introduction to Linked Data. We begin by outlining the basic principles of Linked Data, including coverage of relevant aspects of Web architecture. The remainder of the text is based around two main themes - the publication and consumption of Linked Data. Drawing on a practical Linked Data scenario, we provide guidance and best practices on: architectural approaches to publishing Linked Data; choosing URIs and vocabularies to identify and describe resources; deciding what data to return in a description of a resource on the Web; methods and frameworks for automated linking of data sets; and testing and debugging approaches for Linked Data deployments. We give an overview of existing Linked Data applications and then examine the architectures that are used to consume Linked Data from the Web, alongside existing tools and frameworks that enable these. Readers can expect to gain a rich technical understanding of Linked Data fundamentals, as the basis for application development, research or further study.  Keywords: web technology, databases, linked data, web of data, semantic web, world wide web, dataspaces, data integration, data management, web engineering, resource description framework},
  added-at = {2011-03-04T21:27:05.000+0100},
  author = {Heath, Tom and Bizer, Christian},
  biburl = {http://www.bibsonomy.org/bibtex/2c397781f6a6e59e824f620843712c3a0/datentaste},
  edition = {1st},
  interhash = {1c54420f01635ab86006262304d1e78f},
  intrahash = {c397781f6a6e59e824f620843712c3a0},
  isbn = {9781608454303},
  keywords = {basics linkedata introduction},
  publisher = {Morgan \& Claypool},
  timestamp = {2011-03-04T21:27:05.000+0100},
  title = {Linked Data: Evolving the Web into a Global Data Space},
  url = {http://linkeddatabook.com/},
  year = 2011
}



@inproceedings{Egenhofer2002,
  added-at = {2006-02-13T00:00:00.000+0100},
  author = {Egenhofer, Max J.},
  biburl = {http://www.bibsonomy.org/bibtex/2e1da5c927c21801c22a70026b9ee300c/dblp},
  booktitle = {ACM-GIS},
  crossref = {conf/gis/2002},
  date = {2006-02-13},
  description = {dblp},
  editor = {Voisard, AgnËs and Chen, Shu-Ching},
  ee = {http://doi.acm.org/10.1145/585147.585148},
  interhash = {2219b80872d8e835d8153e87171ea31c},
  intrahash = {e1da5c927c21801c22a70026b9ee300c},
  isbn = {1-58113-591-2},
  keywords = {dblp},
  pages = {1-4},
  publisher = {ACM},
  timestamp = {2006-02-13T00:00:00.000+0100},
  title = {Toward the semantic geospatial web.},
  url = {http%3A%2F%2Fdblp.uni-trier.de%2Fdb%2Fconf%2Fgis%2Fgis2002.html%23Egenhofer02},
  year = 2002
}



@inproceedings{Bereta2013,
    author = {Bereta, Konstantina and Smeros, Panayiotis and Koubarakis, Manolis},
    booktitle = {ESWC},
    citeulike-article-id = {12212299},
    posted-at = {2013-03-26 15:41:41},
    priority = {5},
    publisher = {Springer},
    series = {LNCS},
    title = {{Representing and Querying the valid time of triples for Linked Geospatial Data}},
    year = {2013}
}

@inproceedings{Brandao2002,
    author = {Brand„o, A. A. F.  and Lucena  C. J. P.  },
    publisher = {PUC},
    title = {{Uma introduÁ„o ‡ engenharia de ontologias no contexto da Web sem‚ntica}},
    year = {2002}
}


@article{Battle2012,
  added-at = {2013-04-16T00:00:00.000+0200},
  author = {Battle, Robert and Kolas, Dave},
  biburl = {http://www.bibsonomy.org/bibtex/24591ba2099f0c956b6c070594b3c0d67/dblp},
  ee = {http://dx.doi.org/10.3233/SW-2012-0065},
  interhash = {c098830a5d60172310dc55c113c42259},
  intrahash = {4591ba2099f0c956b6c070594b3c0d67},
  journal = {Semantic Web},
  keywords = {dblp},
  number = 4,
  pages = {355-370},
  timestamp = {2013-04-16T00:00:00.000+0200},
  title = {Enabling the geospatial Semantic Web with Parliament and GeoSPARQL.},
  url = {http://dblp.uni-trier.de/db/journals/semweb/semweb3.html#BattleK12},
  volume = 3,
  year = 2012
}

@inproceedings{OCG2012,
   author              = {Open Geospatial Consortium OGC},
   title               = {GeoSPARQL - A Geographic Query Language for RDF Data.},
   url = {https://portal.opengeospatial.org/files/?artifact_id=47664},
   booktitle = {OGC 11-052r4 Version: 1.0},
   year = 2012
}

@inproceedings{Wang2008,
   author              = {Hong Wang and 
                          Lin Li and 
                          Ping-chao Song A},
   title               = {DESIGN OF GEO-ONTOLOGY BASED ON CONCEPT LATTICE},
   ee                  = {http%3A%2F%2Fwww.isprs.org%2Fcongresses%2Fbeijing2008%2Fproceedings%2F2_pdf%2F6_WG-II-6%2F05.pdf},
   booktitle = {XXIst ISPRS Congress, Technical Commission II, v. XXXVII, part B2},
   crossref = {ISPRS/2008},
   pages = {715-720},
   year = 2008
}


@inproceedings{conf/geoinfo/GimenezTB13,
  added-at = {2013-12-05T00:00:00.000+0100},
  author = {Gimenez, Paulo J. A. and Tanaka, Asterio K. and Baiao, Fernanda},
  biburl = {http://www.bibsonomy.org/bibtex/2cba7fab1dab97e76d10d2f5c129871e7/dblp},
  booktitle = {GeoInfo},
  crossref = {conf/geoinfo/2013},
  ee = {http://www.geoinfo.info/proceedings_geoinfo2013.pdf#page=110},
  interhash = {47d8fa7cf79a12eb38e720dfb0b71c26},
  intrahash = {cba7fab1dab97e76d10d2f5c129871e7},
  keywords = {dblp},
  pages = {103-114},
  publisher = {MCT/INPE},
  timestamp = {2013-12-05T00:00:00.000+0100},
  title = {A geo-ontology to support the semantic integration of geoinformation from the National Spatial Data Infrastructure.},
  url = {http://dblp.uni-trier.de/db/conf/geoinfo/geoinfo2013.html#GimenezTB13},
  year = 2013
}



@inproceedings{Lima2011,
  added-at = {2012-12-05T00:00:00.000+0100},
  author = {Lima, Dan˙bia and MendonÁa, AntÙnio and Salgado, Ana Carolina and Souza, Damires},
  biburl = {http://www.bibsonomy.org/bibtex/289eb5ce63fd95ffb7e6d53cd37590425/dblp},
  booktitle = {GeoInfo},
  crossref = {conf/geoinfo/2011},
  editor = {Vinhas, L˙bia and Davis, Clodoveu A.},
  ee = {http://www.geoinfo.info/proceedings/proceedings_geoinfo2011.pdf#page=1},
  interhash = {8f3bd996ee296a8d3cf04e438d14d373},
  intrahash = {89eb5ce63fd95ffb7e6d53cd37590425},
  keywords = {dblp},
  pages = {1-12},
  publisher = {MCT/INPE},
  timestamp = {2012-12-05T00:00:00.000+0100},
  title = {Building Geospatial Ontologies From Geographic Database Schemas In Peer Data Management Systems.},
  url = {http://dblp.uni-trier.de/db/conf/geoinfo/geoinfo2011.html#LimaMSS11},
  year = 2011
}



@inproceedings{Peng2010,
  added-at = {2010-09-22T00:00:00.000+0200},
  author = {Peng, Xiaobo and Chen, Rongguo and Cheng, Changxiu and Yan, Xun},
  biburl = {http://www.bibsonomy.org/bibtex/2a809bf273632834994c8a84a33f90b39/dblp},
  booktitle = {Geoinformatics},
  crossref = {conf/geoinformatics/2010},
  ee = {http://dx.doi.org/10.1109/GEOINFORMATICS.2010.5567595},
  interhash = {6a17c3cabd6cd726de7b6c3acea0da21},
  intrahash = {a809bf273632834994c8a84a33f90b39},
  isbn = {978-1-4244-7302-1},
  keywords = {dblp},
  pages = {1-6},
  publisher = {IEEE},
  timestamp = {2010-09-22T00:00:00.000+0200},
  title = {A folksonomy-ontology-based digital gazetteer service.},
  url = {http://dblp.uni-trier.de/db/conf/geoinformatics/geoinformatics2010.html#PengCCY10},
  year = 2010
}



@inproceedings{linkedgeodata,
  added-at = {2009-11-06T11:07:03.000+0100},
  author = {Auer, Sˆren and Lehmann, Jens and Hellmann, Sebastian},
  biburl = {http://www.bibsonomy.org/bibtex/2d7b66f26a99547a3c117570aca80e4a0/jens},
  booktitle = {Proc. of 7th International Semantic Web Conference (ISWC)},
  description = {publications Jens Lehmann},
  interhash = {9d953f7fd83decf6dd11ed55275549c1},
  intrahash = {d7b66f26a99547a3c117570aca80e4a0},
  keywords = {2009 aksw imported linkedgeodata mole},
  timestamp = {2009-11-06T11:07:03.000+0100},
  title = {{LinkedGeoData} - Adding a Spatial Dimension to the Web of Data},
  year = 2009
}



@article{Janowicz2008,
  added-at = {2008-12-12T00:00:00.000+0100},
  author = {Janowicz, Krzysztof and Keﬂler, Carsten},
  biburl = {http://www.bibsonomy.org/bibtex/24b1203d98aca582a8b0a9980ce790fbd/dblp},
  date = {2008-12-12},
  description = {dblp},
  ee = {http://dx.doi.org/10.1080/13658810701851461},
  interhash = {7043ec5811c5eba0798f0ac8762034c3},
  intrahash = {4b1203d98aca582a8b0a9980ce790fbd},
  journal = {International Journal of Geographical Information Science},
  keywords = {dblp},
  number = 10,
  pages = {1129-1157},
  timestamp = {2008-12-12T00:00:00.000+0100},
  title = {The role of ontology in improving gazetteer interaction.},
  url = {http://dblp.uni-trier.de/db/journals/gis/gis22.html#JanowiczK08},
  volume = 22,
  year = 2008
}



@article{Giunchiglia2012,
  added-at = {2012-12-12T00:00:00.000+0100},
  author = {Giunchiglia, Fausto and Dutta, Biswanath and Maltese, Vincenzo and Farazi, Feroz},
  biburl = {http://www.bibsonomy.org/bibtex/2b2d61023702ae536df822e9fb27fc472/dblp},
  ee = {http://dx.doi.org/10.1007/s13740-012-0005-x},
  interhash = {6a2a65b60377ab826e3f0b22d0a42623},
  intrahash = {b2d61023702ae536df822e9fb27fc472},
  journal = {J. Data Semantics},
  keywords = {dblp},
  number = 1,
  pages = {57-73},
  timestamp = {2012-12-12T00:00:00.000+0100},
  title = {A Facet-Based Methodology for the Construction of a Large-Scale Geospatial Ontology.},
  url = {http://dblp.uni-trier.de/db/journals/jodsn/jodsn1.html#GiunchigliaDMF12},
  volume = 1,
  year = 2012
}



@inproceedings{Koubarakis2012,
  added-at = {2012-12-18T00:00:00.000+0100},
  author = {Koubarakis, Manolis and Karpathiotakis, Manos and Kyzirakos, Kostis and Nikolaou, Charalampos and Sioutis, Michael},
  biburl = {http://www.bibsonomy.org/bibtex/217e088008c6c8a2aac7531c7638ff11f/dblp},
  booktitle = {Reasoning Web},
  crossref = {conf/rweb/2012},
  editor = {Eiter, Thomas and Krennwallner, Thomas},
  ee = {http://dx.doi.org/10.1007/978-3-642-33158-9_8},
  interhash = {ab573af3fb08c762f316685fa2d9346c},
  intrahash = {17e088008c6c8a2aac7531c7638ff11f},
  isbn = {978-3-642-33157-2},
  keywords = {dblp},
  pages = {290-328},
  publisher = {Springer},
  series = {Lecture Notes in Computer Science},
  timestamp = {2012-12-18T00:00:00.000+0100},
  title = {Data Models and Query Languages for Linked Geospatial Data.},
  url = {http://dblp.uni-trier.de/db/conf/rweb/rweb2012.html#KoubarakisKKNS12},
  volume = 7487,
  year = 2012
}

@inproceedings{DavisVP13,
  added-at = {2013-12-05T00:00:00.000+0100},
  author = {Jr., Clodoveu A. Davis and de Souza Vellozo, Hugo and Pinheiro, Michele Brito},
  biburl = {http://www.bibsonomy.org/bibtex/20fa2febd421ee84f85792b1d5d59f6c4/dblp},
  booktitle = {GeoInfo},
  crossref = {conf/geoinfo/2013},
  ee = {http://www.geoinfo.info/proceedings_geoinfo2013.pdf#page=154},
  interhash = {ed5f85c14ddc1eeae55f545a7257d2e0},
  intrahash = {0fa2febd421ee84f85792b1d5d59f6c4},
  keywords = {dblp},
  pages = {147-157},
  publisher = {MCT/INPE},
  timestamp = {2013-12-05T00:00:00.000+0100},
  title = {A Framework for Web and Mobile Volunteered Geographic Information Applications.},
  url = {http://dblp.uni-trier.de/db/conf/geoinfo/geoinfo2013.html#DavisVP13},
  year = 2013
}

@inproceedings{Beard:2012,
 author = {Beard, Kate},
 title = {A Semantic Web Based Gazetteer Model for VGI},
 booktitle = {Proceedings of the 1st ACM SIGSPATIAL International Workshop on Crowdsourced and Volunteered Geographic Information},
 series = {GEOCROWD '12},
 year = {2012},
 isbn = {978-1-4503-1694-1},
 location = {Redondo Beach, California},
 pages = {54--61},
 numpages = {8},
 url = {http://doi.acm.org/10.1145/2442952.2442962},
 doi = {10.1145/2442952.2442962},
 acmid = {2442962},
 publisher = {ACM},
 address = {New York, NY, USA},
 keywords = {VGI, gazetteer, ontology, place, semantic web},
} 
@inproceedings{Wang-2006,
  added-at = {2006-02-10T00:00:00.000+0100},
  author = {Wang, Chuang and Xie, Xing and Wang, Lee and Lu, Yansheng and Ma, Wei-Ying},
  biburl = {http://www.bibsonomy.org/bibtex/23437c09ca5fef79a0be63fd89bf70f52/dblp},
  booktitle = {WWW (Special interest tracks and posters)},
  crossref = {conf/www/2005si},
  date = {2006-02-10},
  description = {dblp},
  editor = {Ellis, Allan and Hagino, Tatsuya},
  ee = {http://doi.acm.org/10.1145/1062745.1062907},
  interhash = {701c029eaf0a583dd8bb59998aeb650e},
  intrahash = {3437c09ca5fef79a0be63fd89bf70f52},
  isbn = {1-59593-051-5},
  keywords = {dblp},
  pages = {1138-1139},
  publisher = {ACM},
  timestamp = {2006-02-10T00:00:00.000+0100},
  title = {Web resource geographic location classification and detection.},
  url = {http://dblp.uni-trier.de/db/conf/www/www2005si.html#WangXWLM05},
  year = 2005
}


@inproceedings{conf/geoinfo/GimenezTB13,
  added-at = {2013-12-05T00:00:00.000+0100},
  author = {Gimenez, Paulo J. A. and Tanaka, Asterio K. and Baiao, Fernanda},
  biburl = {http://www.bibsonomy.org/bibtex/2cba7fab1dab97e76d10d2f5c129871e7/dblp},
  booktitle = {GeoInfo},
  crossref = {conf/geoinfo/2013},
  ee = {http://www.geoinfo.info/proceedings_geoinfo2013.pdf#page=110},
  interhash = {47d8fa7cf79a12eb38e720dfb0b71c26},
  intrahash = {cba7fab1dab97e76d10d2f5c129871e7},
  keywords = {dblp},
  pages = {103-114},
  publisher = {MCT/INPE},
  timestamp = {2013-12-05T00:00:00.000+0100},
  title = {A geo-ontology to support the semantic integration of geoinformation from the National Spatial Data Infrastructure.},
  url = {http://dblp.uni-trier.de/db/conf/geoinfo/geoinfo2013.html#GimenezTB13},
  year = 2013
}


@inproceedings{conf/geoinfo/LimaMSS11,
  added-at = {2012-12-05T00:00:00.000+0100},
  author = {Lima, Dan˙bia and MendonÁa, AntÙnio and Salgado, Ana Carolina and Souza, Damires},
  biburl = {http://www.bibsonomy.org/bibtex/289eb5ce63fd95ffb7e6d53cd37590425/dblp},
  booktitle = {GeoInfo},
  crossref = {conf/geoinfo/2011},
  editor = {Vinhas, L˙bia and Davis, Clodoveu A.},
  ee = {http://www.geoinfo.info/proceedings/proceedings_geoinfo2011.pdf#page=1},
  interhash = {8f3bd996ee296a8d3cf04e438d14d373},
  intrahash = {89eb5ce63fd95ffb7e6d53cd37590425},
  keywords = {dblp},
  pages = {1-12},
  publisher = {MCT/INPE},
  timestamp = {2012-12-05T00:00:00.000+0100},
  title = {Building Geospatial Ontologies From Geographic Database Schemas In Peer Data Management Systems.},
  url = {http://dblp.uni-trier.de/db/conf/geoinfo/geoinfo2011.html#LimaMSS11},
  year = 2011
}


@inproceedings{conf/geoinformatics/PengCCY10,
  added-at = {2010-09-22T00:00:00.000+0200},
  author = {Peng, Xiaobo and Chen, Rongguo and Cheng, Changxiu and Yan, Xun},
  biburl = {http://www.bibsonomy.org/bibtex/2a809bf273632834994c8a84a33f90b39/dblp},
  booktitle = {Geoinformatics},
  crossref = {conf/geoinformatics/2010},
  ee = {http://dx.doi.org/10.1109/GEOINFORMATICS.2010.5567595},
  interhash = {6a17c3cabd6cd726de7b6c3acea0da21},
  intrahash = {a809bf273632834994c8a84a33f90b39},
  isbn = {978-1-4244-7302-1},
  keywords = {dblp},
  pages = {1-6},
  publisher = {IEEE},
  timestamp = {2010-09-22T00:00:00.000+0200},
  title = {A folksonomy-ontology-based digital gazetteer service.},
  url = {http://dblp.uni-trier.de/db/conf/geoinformatics/geoinformatics2010.html#PengCCY10},
  year = 2010
}


@incollection{
year={2012},
isbn={978-3-642-33023-0},
booktitle={Geographic Information Science},
volume={7478},
series={Lecture Notes in Computer Science},
editor={Xiao, Ningchuan and Kwan, Mei-Po and Goodchild, MichaelF. and Shekhar, Shashi},
doi={10.1007/978-3-642-33024-7_8},
title={spatial@linkedscience ñ Exploring the Research Field of GIScience with Linked Data},
url={http://dx.doi.org/10.1007/978-3-642-33024-7_8},
publisher={Springer Berlin Heidelberg},
author={Keﬂler, Carsten and Janowicz, Krzysztof and Kauppinen, Tomi},
pages={102-115}
}


@inproceedings{Ahlers:2013:AAG:2533888.2533938,
 author = {Ahlers, Dirk},
 title = {Assessment of the Accuracy of GeoNames Gazetteer Data},
 booktitle = {Proceedings of the 7th Workshop on Geographic Information Retrieval},
 series = {GIR '13},
 year = {2013},
 isbn = {978-1-4503-2241-6},
 location = {Orlando, Florida},
 pages = {74--81},
 numpages = {8},
 url = {http://doi.acm.org/10.1145/2533888.2533938},
 doi = {10.1145/2533888.2533938},
 acmid = {2533938},
 publisher = {ACM},
 address = {New York, NY, USA},
 keywords = {data quality, entity reconciliation, gazetteer, geocoding, positional accuracy, source integration},
} 

@article{journals/semweb/BattleK12,
  added-at = {2013-04-16T00:00:00.000+0200},
  author = {Battle, Robert and Kolas, Dave},
  biburl = {http://www.bibsonomy.org/bibtex/24591ba2099f0c956b6c070594b3c0d67/dblp},
  ee = {http://dx.doi.org/10.3233/SW-2012-0065},
  interhash = {c098830a5d60172310dc55c113c42259},
  intrahash = {4591ba2099f0c956b6c070594b3c0d67},
  journal = {Semantic Web},
  keywords = {dblp},
  number = 4,
  pages = {355-370},
  timestamp = {2013-04-16T00:00:00.000+0200},
  title = {Enabling the geospatial Semantic Web with Parliament and GeoSPARQL.},
  url = {http://dblp.uni-trier.de/db/journals/semweb/semweb3.html#BattleK12},
  volume = 3,
  year = 2012
}
@misc{bernerslee:2009,
  added-at = {2010-01-21T12:10:28.000+0100},
  author = {Berners-Lee, Tim},
  biburl = {http://www.bibsonomy.org/bibtex/22b98bfec0ccda1a80af951a2d1ef57e5/lechatpito},
  howpublished = {W3C design issue document},
  interhash = {8b16380d7024c62d9678a0120d765454},
  intrahash = {2b98bfec0ccda1a80af951a2d1ef57e5},
  keywords = {linked-data},
  month = {June},
  note = {http://www.w3.org/DesignIssue/LinkedData.html},
  timestamp = {2010-01-21T12:10:28.000+0100},
  title = {Linked-data design issues},
  url = {http://www.w3.org/DesignIssues/LinkedData.html},
  year = 2009
}
@inproceedings{BorgesLMD07,
  added-at = {2008-01-17T00:00:00.000+0100},
  author = {Borges, Karla A. V. and Laender, Alberto H. F. and Medeiros, Claudia Bauzer and Davis, Clodoveu A.},
  biburl = {http://www.bibsonomy.org/bibtex/287269b0b0a016e7edc1eaf73f78bdd7b/dblp},
  booktitle = {GIR},
  crossref = {conf/gir/2007},
  date = {2008-01-17},
  description = {dblp},
  editor = {Purves, Ross and Jones, Chris},
  ee = {http://doi.acm.org/10.1145/1316948.1316957},
  interhash = {d1b7806f8c475e1a3f0e139477ac8c62},
  intrahash = {87269b0b0a016e7edc1eaf73f78bdd7b},
  isbn = {978-1-59593-828-2},
  keywords = {dblp},
  pages = {31-36},
  publisher = {ACM},
  timestamp = {2008-01-17T00:00:00.000+0100},
  title = {Discovering geographic locations in web pages using urban addresses.},
  url = {http://dblp.uni-trier.de/db/conf/gir/gir2007.html#BorgesLMD07},
  year = 2007
}
@article{DelboniBLJ07,
  added-at = {2009-12-23T00:00:00.000+0100},
  author = {Delboni, Tiago M. and Borges, Karla A. V. and Laender, Alberto H. F. and Davis, Clodoveu A.},
  biburl = {http://www.bibsonomy.org/bibtex/20f1d9bbfaf80249561d98ba14c885798/dblp},
  date = {2009-12-23},
  description = {dblp},
  ee = {http://dx.doi.org/10.1111/j.1467-9671.2007.01051.x},
  interhash = {8ab23a5cb2594ff98fac8b6e387e5551},
  intrahash = {0f1d9bbfaf80249561d98ba14c885798},
  journal = {T. GIS},
  keywords = {dblp},
  number = 3,
  pages = {377-397},
  timestamp = {2009-12-23T00:00:00.000+0100},
  title = {Semantic Expansion of Geographic Web Queries Based on Natural Language Positioning Expressions.},
  url = {http://dblp.uni-trier.de/db/journals/tgis/tgis11.html#DelboniBLJ07},
  volume = 11,
  year = 2007
}
@article{GilKT11,
  added-at = {2011-11-02T00:00:00.000+0100},
  author = {Gil, Fabiana B. and Kozievitch, N·dia P. and da Silva Torres, Ricardo},
  biburl = {http://www.bibsonomy.org/bibtex/25bcc4bb140d85fbe450ee26ff18e357b/dblp},
  ee = {http://seer.lcc.ufmg.br/index.php/jidm/article/view/133},
  interhash = {2cbb156123ca72ba880a8de532e82456},
  intrahash = {5bcc4bb140d85fbe450ee26ff18e357b},
  journal = {JIDM},
  keywords = {dblp},
  number = 2,
  pages = {195-210},
  timestamp = {2011-11-02T00:00:00.000+0100},
  title = {GeoNote: A Web Service for Geographic Data Annotation in Biodiversity Information Systems.},
  url = {http://dblp.uni-trier.de/db/journals/jidm/jidm2.html#GilKT11},
  volume = 2,
  year = 2011
}
@inproceedings{KeBler:2009:ANG:1653771.1653787,
 author = {Kessler, Carsten and Janowicz, Krzysztof and Bishr, Mohamed},
 title = {An Agenda for the Next Generation Gazetteer: Geographic Information Contribution and Retrieval},
 booktitle = {Proceedings of the 17th ACM SIGSPATIAL International Conference on Advances in Geographic Information Systems},
 series = {GIS '09},
 year = {2009},
 isbn = {978-1-60558-649-6},
 location = {Seattle, Washington},
 pages = {91--100},
 numpages = {10},
 url = {http://doi.acm.org/10.1145/1653771.1653787},
 doi = {10.1145/1653771.1653787},
 acmid = {1653787},
 publisher = {ACM},
 address = {New York, NY, USA},
 keywords = {gazetteer, semantics, trust, volunteered geographic information},
} 


@InProceedings{MouraJr:2012:NoHi,
               author = "Moura, Tiago Henrique V. M. and Jr. , Clodoveu A. 
                         Davis",
                title = "Expans{\~a}o do conte{\'u}do de um gazetteer: nomes 
                         hidrogr{\'a}ficos",
            booktitle = "Anais...",
                 year = "2012",
               editor = "Namikawa, La{\'e}rcio Massaru and Bogorny, 
                         Vania",
                pages = "78--83",
         organization = "Simp{\'o}sio Brasileiro de Geoinform{\'a}tica, 13. 
                         (GEOINFO)",
            publisher = "Instituto Nacional de Pesquisas Espaciais 
                         (INPE)",
              address = "S{\~a}o Jos{\'e} dos Campos",
          
  conference-location = "Campos do Jord{\~a}o",
      conference-year = "25-27 nov. 2012",
                 issn = "2179-4820",
             language = "pt",
                  url = "http://urlib.net/sid.inpe.br/mtc-m18/2012/12.04.13.31",
           targetfile = "moura.pdf",
                 type = "Modelling and Representation - Short papers",
        urlaccessdate = "25 fev. 2014"
}

@article{GoodchildH08,
  added-at = {2012-03-21T00:00:00.000+0100},
  author = {Goodchild, Michael F. and Hill, Linda L.},
  biburl = {http://www.bibsonomy.org/bibtex/2864662f2fce36ef0d7c1c8583c3e690b/dblp},
  ee = {http://dx.doi.org/10.1080/13658810701850497},
  interhash = {edc44c307b064d8cafed8396e02878de},
  intrahash = {864662f2fce36ef0d7c1c8583c3e690b},
  journal = {International Journal of Geographical Information Science},
  keywords = {dblp},
  number = 10,
  pages = {1039-1044},
  timestamp = {2012-03-21T00:00:00.000+0100},
  title = {Introduction to digital gazetteer research.},
  url = {http://dblp.uni-trier.de/db/journals/gis/gis22.html#GoodchildH08},
  volume = 22,
  year = 2008
}
@inproceedings{GouveaLGFW08,
  added-at = {2011-04-04T00:00:00.000+0200},
  author = {Gouvea, Cleber and Loh, Stanley and Garcia, LuÌs Fernando Fortes and da Fonseca, Evandro Brasil and Wendt, Igor},
  biburl = {http://www.bibsonomy.org/bibtex/2986846c430fce72bcfdc6c1675179a6c/dblp},
  booktitle = {GeoInfo},
  crossref = {conf/geoinfo/2008},
  editor = {de Carvalho, Marcelo TÌlio Monteiro and Casanova, Marco A. and Gattass, Marcelo and Vinhas, L˙bia},
  ee = {http://www.geoinfo.info/portuguese/geoinfo2008/artigos/p13.pdf},
  interhash = {6f50f7df7b744f469fba1d55968066a4},
  intrahash = {986846c430fce72bcfdc6c1675179a6c},
  keywords = {dblp},
  pages = {51-62},
  publisher = {INPE},
  timestamp = {2011-04-04T00:00:00.000+0200},
  title = {Discovering Location Indicators of Toponyms from News to Improve Gazetteer-Based Geo-Referencing.},
  url = {http://dblp.uni-trier.de/db/conf/geoinfo/geoinfo2008.html#GouveaLGFW08},
  year = 2008
}
@article {Lemes,
	title            = "Refinando dados espaciais para a conservac{\~a}o da biodiversidade",
	year             = "2011",
	author           = "P Lemes and Faleiro Famv and G Tessarolo and R D Loyola",
	journal          = "Natureza {\&} Conservac{\~a}o",
	volume           = "9",
	pages            = "240-243",
	doi              = "10.4322/natcon.2011.032"}
@phdthesis{Laurindo,
           title = {A biodiversity information system in an open data/metadatabase architecture},
          author = {Jos\'e Laurindo Campos dos {Santos}},
         address = {Enschede},
       publisher = {University of Twente},
            year = {2003},
             url = {http://doc.utwente.nl/41436/},
        abstract = {This thesis presents an overview of biological collections, their complexity and related bio-information management activities in the main institutes in the Amazon region.}
}
@ARTICLE{jacard,
title = {Similarity coefficient methods applied to the cell formation problem: A taxonomy and review},
author = {Yin, Yong and Yasuda, Kazuhiko},
year = {2006},
journal = {International Journal of Production Economics},
volume = {101},
number = {2},
pages = {329-352},
url = {http://EconPapers.repec.org/RePEc:eee:proeco:v:101:y:2006:i:2:p:329-352}
}

@inproceedings{AmanquiSLASM13,
  added-at = {2013-09-25T00:00:00.000+0200},
  author = {Amanqui, Flor K. and Serique, Kleberson J. and Lamping, Franco and Albuquerque, Andrea C. F. and Santos, JosÈ L. C. Dos and Moreira, Dilvan A.},
  biburl = {http://www.bibsonomy.org/bibtex/254ea6acec48d99fded1bae05e8dd4c0a/dblp},
  booktitle = {ONTOBRAS},
  crossref = {conf/ontobras/2013},
  editor = {Bax, Marcello Peixoto and Almeida, Mauricio Barcellos and Wassermann, Renata},
  ee = {http://ceur-ws.org/Vol-1041/ontobras-2013_paper29.pdf},
  interhash = {fe1a307e8790ec88c6bc25d1881f1cd5},
  intrahash = {54ea6acec48d99fded1bae05e8dd4c0a},
  keywords = {dblp},
  pages = {83-93},
  publisher = {CEUR-WS.org},
  series = {CEUR Workshop Proceedings},
  timestamp = {2013-09-25T00:00:00.000+0200},
  title = {Semantic Search Architecture for Retrieving Information in Biodiversity Repositories.},
  url = {http://dblp.uni-trier.de/db/conf/ontobras/ontobras2013.html#AmanquiSLASM13},
  volume = 1041,
  year = 2013
}
@InCollection{RePEc:eee:envchp:3-29,
  author={Polasky, Stephen and Costello, Christopher and Solow, Andrew},
  editor={K. G. M‰ler and J. R. Vincent},
  title={{The Economics of Biodiversity}},
  booktitle={{Handbook of Environmental Economics}},
  publisher={Elsevier},
  year=2005,
  month={June},
  volume={3},
  number={},
  series={Handbook of Environmental Economics},
  edition={},
  chapter={29},
  pages={1517-1560},
  keywords={},
  abstract={The conservation of biodiversity is a major environmental issue, one that promises to remain at or near the top of the environmental agenda for the foreseeable future. The loss of biodiversity affects human welfare as well as being lamentable for its own sake. Humans depend on natural systems to produce a wide variety of ecosystem goods and services, ranging from direct use of certain species for food or medicines to ecosystem functions that provide water purification, nutrient retention or climate regulation. Threats to biodiversity include habitat loss and fragmentation, the introduction of nonindigenous species, over-harvesting, pollution, changes in geochemical cycles and climate change. Sustaining biodiversity in the face of increasing human populations and increased human economic activity promises to be a major challenge. Economists have an important role to play in helping to develop and evaluate conservation strategies. Because biodiversity is at risk in large part because of human activity, finding ways to conserve biodiversity will come from better understanding and management of human affairs, not from better biology alone. Economists can help set priorities to allocate scarce conservation resources where they will do the most good. Economists can help design incentive schemes to make conservation policy both effective and efficient. Economic methods can shed light on what are the most valuable components of biodiversity, including analysis of species existence value, the value of bioprospecting and the value of ecosystem services.},
  url={http://ideas.repec.org/h/eee/envchp/3-29.html}
  }
  
  @article{doi:10.1080/13658810701851461,
  author = {Janowicz, K. and KeBler, C.},
  title = {The role of ontology in improving gazetteer interaction},
  journal = {International Journal of Geographical Information Science},
  volume = {22},
  number = {10},
  pages = {1129-1157},
  year = {2008},
  doi = {10.1080/13658810701851461},  
  URL = {http://www.tandfonline.com/doi/abs/10.1080/13658810701851461},
  eprint = {http://www.tandfonline.com/doi/pdf/10.1080/13658810701851461}
  }
  
  
  @article{journals/jgaa/AslamPR04,
    added-at = {2005-04-05T00:00:00.000+0200},
    author = {Aslam, Javed A. and Pelekhov, Ekaterina and Rus, Daniela},
    biburl = {http://www.bibsonomy.org/bibtex/2dcf1eeedcd06964804633697f3f61603/dblp},
    date = {2005-04-05},
    description = {dblp},
    ee = {http://jgaa.info/accepted/2004/Aslam+2004.8.1.pdf},
    interhash = {2a7d6b8c909f7a3251c5ebf79b24863d},
    intrahash = {dcf1eeedcd06964804633697f3f61603},
    journal = {J. Graph Algorithms Appl.},
    keywords = {dblp},
    pages = {95-129},
    timestamp = {2005-04-05T00:00:00.000+0200},
    title = {The Star Clustering Algorithm for Static and Dynamic Information Organization.},
    url = {http://dblp.uni-trier.de/db/journals/jgaa/jgaa8.html#AslamPR04},
    volume = 8,
    year = 2004
  }
  
@article{citeulike:8051779,
    abstract = {There is a concerted global effort to digitize biodiversity occurrence data from herbarium and museum collections that together offer an unparalleled archive of life on Earth over the past few centuries. The Global Biodiversity Information Facility provides the largest single gateway to these data. Since 2004 it has provided a single point of access to specimen data from databases of biological surveys and collections. Biologists now have rapid access to more than 120 million observations, for use in many biological analyses. We investigate the quality and coverage of data digitally available, from the perspective of a biologist seeking distribution data for spatial analysis on a global scale. We present an example of automatic verification of geographic data using distributions from the International Legume Database and Information Service to test empirically, issues of geographic coverage and accuracy. There are over 1/2 million records covering 31\% of all Legume species, and 84\% of these records pass geographic validation. These data are not yet a global biodiversity resource for all species, or all countries. A user will encounter many biases and gaps in these data which should be understood before data are used or analyzed. The data are notably deficient in many of the world's biodiversity hotspots. The deficiencies in data coverage can be resolved by an increased application of resources to digitize and publish data throughout these most diverse regions. But in the push to provide ever more data online, we should not forget that consistent data quality is of paramount importance if the data are to be useful in capturing a meaningful picture of life on Earth.},
    author = {Yesson, Chris and Brewer, Peter W. and Sutton, Tim and Caithness, Neil and Pahwa, Jaspreet S. and Burgess, Mikhaila and Gray, W. Alec and White, Richard J. and Jones, Andrew C. and Bisby, Frank A. and Culham, Alastair},
    citeulike-article-id = {8051779},
    citeulike-linkout-0 = {http://dx.doi.org/10.1371/journal.pone.0001124},
    day = {7},
    doi = {10.1371/journal.pone.0001124},
    journal = {PLoS ONE},
    month = nov,
    number = {11},
    pages = {e1124+},
    posted-at = {2013-04-21 08:54:09},
    priority = {4},
    publisher = {Public Library of Science},
    title = {How Global Is the Global Biodiversity Information Facility?},
    url = {http://dx.doi.org/10.1371/journal.pone.0001124},
    volume = {2},
    year = {2007}
}

@InProceedings{MouraDavi:2013:DeOpPe,
               author = "Moura, Tiago Henrique V. M. de and Davir Jr., Clodoveu 
                         A.",
                title = "Linked Geospatial Data: desafios e oportunidades de 
                         pesquisa",
            booktitle = "Anais...",
                 year = "2013",
               editor = "Andrade, Pedro Ribeiro and Santanch{\`e}, 
                         Andr{\'e}",
                pages = "6",
         organization = "Simp{\'o}sio Brasileiro de Geoinform{\'a}tica, 14. 
                         (GEOINFO)",
            publisher = "Instituto Nacional de Pesquisas Espaciais 
                         (INPE)",
              address = "S{\~a}o Jos{\'e} dos Campos",
             abstract = "Linked Geospatial Data is a proposal for the dissemination of 
                         geographic information in an open format, based on standards 
                         adopted by the Web of Data. The semantic enrichment that comes 
                         from knowledge about relationships among spatial data is a 
                         potential source of solutions for traditional problems in 
                         geographic information retrieval, such as ambiguity resolution and 
                         the recognition of the geographic context of documents. This work 
                         discusses the applicability of linked data concepts to these 
                         problems and presents a set of challenges and opportunities for 
                         research on geographic information retrieval and related 
                         topics.",
  conference-location = "Campos do Jord{\~a}o",
      conference-year = "24-27 nov. 2013",
                 issn = "2179-4820",
             language = "pt",
                  url = "http://urlib.net/sid.inpe.br/mtc-m18/2013/12.10.17.50",
           targetfile = "paper2.pdf",
        urlaccessdate = "31 maio 2014"
}