@article{heinzle2010semantica,
  title={Sem{\^a}ntica nos sistemas de apoio a decis{\~a}o: o estado da arte},
  author={Heinzle, Roberto and Gauthier, Fernando Alvaro Ostuni and Fialho, Francisco Antonio Pereira},
  journal={Revista Da Unifebe Vers$\backslash$ ao Eletr{\^o}nica},
  year={2010}
}

@article{dmitriev2004language,
  title={Language oriented programming: The next programming paradigm},
  author={Dmitriev, Sergey},
  journal={JetBrains onBoard},
  volume={1},
  number={2},
  pages={1--13},
  year={2004}
}

@article{uschold1996ontologies,
  title={Ontologies: Principles, methods and applications},
  author={Uschold, Mike and Gruninger, Michael},
  journal={The knowledge engineering review},
  volume={11},
  number={02},
  pages={93--136},
  year={1996},
  publisher={Cambridge Univ Press}
}

@article{horridge2011owl,
  title={The owl api: A java api for owl ontologies},
  author={Horridge, Matthew and Bechhofer, Sean},
  journal={Semantic Web},
  volume={2},
  number={1},
  pages={11--21},
  year={2011},
  publisher={IOS Press}
}

@article{mcguinness2004owl,
  title={OWL web ontology language overview},
  author={McGuinness, Deborah L and Van Harmelen, Frank and others},
  journal={W3C recommendation},
  volume={10},
  number={10},
  pages={2004},
  year={2004}
}

@book{allemang2011semantic,
  title={Semantic Web for the Working Ontologist: Effective Modeling in RDFS and OWL},
  author={Allemang, D. and Hendler, J.},
  isbn={9780123859662},
  lccn={2011010645},
  url={https://books.google.com.br/books?id=\_qGKPOlB1DgC},
  year={2011},
  publisher={Elsevier Science}
}

@book{sugumaran2011,
  title={Applied semantic web technologies},
  author={Sugumaran, Vijayan and Gulla, Jon Atle},
  year={2011},
  publisher={CRC Press}
}

@book{bossel1999indicators,
  title={Indicators for sustainable development: theory, method, applications},
  author={Bossel, Hartmut},
  year={1999},
  publisher={International Institute for Sustainable Development Winnipeg}
}

@book{van2005indicadores,
  title={Indicadores de sustentabilidade: uma an{\'a}lise comparativa},
  author={Van Bellen, Hans Michael},
  year={2005},
  publisher={FGV Editora}
}

@book{CaminoAndMuller1993,
  title={Sostenibilidad de la agricultura y los recursos naturales: bases para establecer indicadores},
  author={Camino and M{\"{u}ller}},
  number={38},
  year={1993},
  publisher={IICA Biblioteca Venezuela}
}

@book{ehlers1996agricultura,
  title={Agricultura sustent{\'a}vel: origens e perspectivas de um novo paradigma},
  author={Ehlers, Eduardo},
  year={1996},
  publisher={Livros da terra}
}

@book{gliessman2001agroecologia,
  title={Agroecologia: processos ecol{\'o}gicos em agricultura sustent{\'a}vel},
  author={Gliessman, Stephen R},
  year={2001},
  publisher={Ed. da Univ. Federal do Rio Grande do Sul, UFRGS}
}

@book{florian2012linked,
  added-at = {2012-08-29T10:28:30.000+0200},
  author = {Florian, Bauer and Martin, Kaltenböck},
  biburl = {http://www.bibsonomy.org/bibtex/2607cbe8a40dc62587f213ef36d42799e/kalte2707},
  editor = {Florian, Bauer (REEEP) and Martin, Kaltenböck (Semantic Web Company)},
  interhash = {72930283212a2c85d87c75f9325c948f},
  intrahash = {607cbe8a40dc62587f213ef36d42799e},
  keywords = {Data LOD Linked Open lod2page myown},
  publisher = {edition mono/monochrom, Vienna, Austria},
  timestamp = {2012-08-29T10:28:30.000+0200},
  title = {Linked Open Data: The Essentials - A Quick Start Guide for Decision Makers},
  year = 2012
}

@book{Yu2011,
  added-at = {2011-11-02T14:27:23.000+0100},
  author = {Yu, Liyang},
  biburl = {http://www.bibsonomy.org/bibtex/235242a044fd5776658f7e91cafad87a0/mgraube},
  ee = {http://dx.doi.org/10.1007/978-3-642-15970-1},
  interhash = {53cb4cca7705f66606b9d5db5c831944},
  intrahash = {35242a044fd5776658f7e91cafad87a0},
  isbn = {978-3-642-15969-5},
  keywords = {Linked_Data MGraube Semantic_Web},
  pages = {I-XIX, 1-608},
  publisher = {Springer},
  timestamp = {2011-11-02T14:27:23.000+0100},
  title = {A Developer's Guide to the Semantic Web.},
  year = 2011
}

@book{fowler2010domain,
  title={Domain-specific languages},
  author={Fowler, Martin},
  year={2010},
  publisher={Pearson Education}
}

@incollection{ruiz2006using,
  title={Using ontologies in software engineering and technology},
  author={Ruiz, Francisco and Hilera, Jos{\'e} R},
  booktitle={Ontologies for software engineering and software technology},
  pages={49--102},
  year={2006},
  publisher={Springer}
}

@incollection{lu2006application,
  title={The Application of Semantic Web Technologies for Railway Decision Support},
  author={Lu, Jinwei and Roberts, Clive and Lang, Karl and Stirling, Alan and Madelin, Keith},
  booktitle={Intelligent Decision-making Support Systems},
  pages={321--337},
  year={2006},
  publisher={Springer}
}

@incollection{de1997software,
  title={Software architecture for large control systems: A case study description},
  author={de Jong, Edwin},
  booktitle={Coordination Languages and Models},
  pages={150--156},
  year={1997},
  publisher={Springer}
}

@article{sei2006architecture,
  title={Views and Beyond Architecture Documentation Template},
  author={Sei, Sei},
  year={2006}
}

@article{Linhalis2010,
  year={2010},
  issn={0219-1377},
  journal={Knowledge and Information Systems},
  volume={22},
  number={3},
  doi={10.1007/s10115-009-0197-z},
  title={OntoMap: an ontology-based architecture to perform the semantic mapping between an interlingua and software components},
  url={http://dx.doi.org/10.1007/s10115-009-0197-z},
  publisher={Springer-Verlag},
  keywords={Ontologies; Interlingua; Software components; Natural language applications},
  author={Linhalis, Flávia and de Mattos Fortes, RenataPontin and de Abreu Moreira, Dilvan},
  pages={319-345},
  language={English}
}

@article{junior2006sistemas,
  title={Sistemas de Apoio {\`a} Decis{\~a}o},
  author={J{\'u}nior, S{\'e}rgio Ant{\^o}nio Martini Bortolin},
  journal={Urcamp-Brasil.},
  volume={20},
  year={2006}
}

@article{paulheim2012ontology,
  title={Ontology-enhanced user interfaces: A survey},
  author={Paulheim, Heiko and Probst, Florian},
  journal={Semantic-Enabled Advancements on the Web: Applications Across Industries: Applications Across Industries},
  pages={214},
  year={2012},
  publisher={IGI Global}
}

@article{deusdara2001criterios,
  title={Crit{\'e}rios e indicadores para a sustentabilidade da floresta amaz{\^o}nica: o processo de Tarapoto},
  author={Deusdar{\'a} Filho, Raimundo and Zerbini, Newton Jord{\~a}o},
  journal={Brasil Florestal},
  volume={71},
  pages={42--48},
  year={2001}
}

@article{Pahl2007,
  title={An ontology for software component matching},
  author={Pahl, Claus},
  year={2007},
  issn={1433-2779},
  journal={International Journal on Software Tools for Technology Transfer},
  volume={9},
  number={2},
  doi={10.1007/s10009-006-0015-9},
  url={http://dx.doi.org/10.1007/s10009-006-0015-9},
  publisher={Springer-Verlag},
  pages={169-178},
  language={English}
}


@article{ferraz2003,
  title={As dimensões da sustentabilidade e seus indicadores},
  author={FERRAZ, J. M. G},
  journal={Indicadores de sustentabilidade em agroecossistemas},
  year={2003}
}

@article{SicheAgostinho2007,
  title={{\'I}ndices versus indicadores: precis{\~o}es conceituais na discuss{\~a}o da sustentabilidade de pa{\'\i}ses},
  author={Siche R. S, Agostinho F., Ortega. E., Romeiro A},
  journal={Ambiente \& sociedade},
  volume={10},
  number={2},
  pages={137--148},
  year={2007},
  publisher={SciELO Brasil}
}

@article{moret2006criterios,
  title={Crit{\'e}rios e indicadores de sustentabilidade para bioenergia},
  author={Moret, Arthur and Rodrigues, D{\'e}lcio and Ortiz, L{\'u}cia},
  journal={GT Energia do F{\'o}rum Brasileiro de ONGs e Movimentos Sociais para o Meio Ambiente e Desenvolvimento. Bras{\'\i}lia},
  pages={1--11},
  year={2006}
}

@article{zampieri2003metodo,
  title={M{\'e}todo para sele{\c{c}}{\~a}o de indicadores de sutentabilidade e avalia{\c{c}}{\~a}o dos sistemas agr{\'\i}colas do estado de Santa Catarina},
  author={Zampieri, S{\'e}rgio Luiz and others},
  year={2003},
  publisher={Florian{\'o}polis, SC}
}

@article{ONU2012,
  title={The Future We Want},
  author={ONU},
  journal={Technical Report of United Nations Conference on Sustainable Development, Brazil},
  year={2012}
}

@article{moura2002indicadores,
  title={Indicadores para a avalia{\c{c}}{\~a}o da sustentabilidade em sistemas de produ{\c{c}}{\~a}o da agricultura familiar: o caso dos fumicultores de Agudo-RS},
  author={Moura, Lino Geraldo Vargas},
  year={2002}
}

@article{gallopin1996environmental,
  title={Environmental and sustainability indicators and the concept of situational indicators. A systems approach},
  author={Gallop{\'\i}n, Gilberto C},
  journal={Environmental modeling \& assessment},
  volume={1},
  number={3},
  pages={101--117},
  year={1996},
  publisher={Springer}
}

@article{gruber1995toward,
  title={Toward principles for the design of ontologies used for knowledge sharing?},
  author={Gruber, Thomas R},
  journal={International journal of human-computer studies},
  volume={43},
  number={5},
  pages={907--928},
  year={1995},
  publisher={Elsevier}
}

@article{AlkanOlsson:2009,
    title =     "A goal oriented indicator framework to support integrated assessment of new policies for agri-environmental systems ",
    journal =   "Environmental Science \& Policy",
    volume =    "12",
    number =    "5",
    pages =     "562 - 572",
    year =      "2009",
    note =      "Integrated Assessment of Agricultural and Environmental Policies – concepts and tools ",
    issn =      "1462-9011",
    doi =       "http://dx.doi.org/10.1016/j.envsci.2009.01.012",
    url =       "http://www.sciencedirect.com/science/article/pii/S1462901109000446",
    author =    "Johanna Alkan Olsson and Christian Bockstaller and Lee M. Stapleton and Frank Ewert and Rob Knapen and Olivier Therond and Ghislain Geniaux and Stéphane Bellon and Teresa Pinto Correira and Nadine Turpin and Irina Bezlepkina",
    keywords =  "Indicators",
    keywords =  "Indicator frameworks",
    keywords =  "Agriculture",
    keywords =  "Sustainability",
    keywords =  "Impact assessment",
    keywords =  "Integrated assessment "
}

@article{Souza:2004,
  title={A Web Sem{\^a}ntica e suas contribui{\c{c}}{\~o}es para a ci{\^e}ncia da informa{\c{c}}{\~a}o},
  author={Souza, Renato Rocha and Alvarenga, L{\'\i}dia},
  journal={Ci{\^e}ncia da Informa{\c{c}}{\~a}o, Bras{\'\i}lia},
  ISSN = {0100-1965},
  language = {pt},
  URL = {http://www.scielo.br/scielo.php?script=sci_arttext&pid=S0100-19652004000100016&nrm=iso},
  volume={33},
  year={2004},
  month = {04},
  pages={132--141},
  number={1},
  publisher={SciELO Brasil}
  crossref = {10.1590/S0100-19652004000100016},
}

@article{DCMIPro841,
	author = {A. Liang and Boris Lauser and Margherita Sini and Johannes Keizer and Stephen Katz},
	title = {From AGROVOC to the Agricultural Ontology Service / Concept Server: An OWL model for creating ontologies in the agricultural domain},
	journal = {International Conference on Dublin Core and Metadata Applications},
	volume = {0},
	number = {0},
	year = {2006},
	keywords = {},
	abstract = {This paper illustrates the conversion from a traditional thesaurus in agriculture (AGROVOC) to a new system, the Agricultural Ontology Service Concept Server (AOS/CS). The Concept Server will serve as a multilingual repository of concepts in the agricultural domain providing ontological relationships and a rich, semantically sound terminology. The Food and Agriculture Organization recently developed the underlying model for this new system in the Web ontology language OWL. In this paper, we describe the purpose of this conversion and the use of OWL and highlight in particular the core features of the developed OWL model. We go on to explain how it evolves and differs from the traditional thesaurus approach.},
	issn = {1939-1366},	url = {http://dcpapers.dublincore.org/pubs/article/view/841}
}

@article{kraines2011system,
  title={A system for ontology-based sharing of expert knowledge in sustainability science},
  author={Kraines, Steven and Guo, Weisen},
  journal={Data Science Journal},
  volume={9},
  pages={107--123},
  year={2011},
  publisher={CODATA}
}

@article{tilman2002agricultural,
  title={Agricultural sustainability and intensive production practices},
  author={Tilman, David and Cassman, Kenneth G and Matson, Pamela A and Naylor, Rosamond and Polasky, Stephen},
  journal={Nature},
  volume={418},
  number={6898},
  pages={671--677},
  year={2002},
  publisher={Nature Publishing Group}
}

@article{Ewert2009546,
    title = "A methodology for enhanced flexibility of integrated assessment in agriculture ",
    journal = "Environmental Science \& Policy",
    volume = "12",
    number = "5",
    pages = "546 - 561",
    year = "2009",
    note = "Integrated Assessment of Agricultural and Environmental Policies – concepts and tools ",
    issn = "1462-9011",
    doi = "http://dx.doi.org/10.1016/j.envsci.2009.02.005",
    url = "http://www.sciencedirect.com/science/article/pii/S1462901109000409",
    author = "Frank Ewert and Martin K. van Ittersum and Irina Bezlepkina and Olivier Therond and Erling Andersen and Hatem Belhouchette and Christian Bockstaller and Floor Brouwer and Thomas Heckelei and Sander Janssen and Rob Knapen and Marijke Kuiper and Kamel Louhichi and Johanna Alkan Olsson and Nadine Turpin and Jacques Wery and Jan Erik Wien and Joost Wolf",
    keywords = "Sustainability",
    keywords = "Agriculture",
    keywords = "Scenarios",
    keywords = "Indicators",
    keywords = "Model linking",
    keywords = "Scaling "
}

@article{JesusHitzschky2009348,
    title = "A proposed impact assessment method for genetically modified plants (AS-GMP Method) ",
    journal = "Environmental Impact Assessment Review ",
    volume = "29",
    number = "6",
    pages = "348 - 358",
    year = "2009",
    note = "",
    issn = "0195-9255",
    doi = "http://dx.doi.org/10.1016/j.eiar.2009.02.006",
    url = "http://www.sciencedirect.com/science/article/pii/S0195925509000444",
    author = "Katia Regina Evaristo de Jesus-Hitzschky and José Maria F.J. da Silveira",
    keywords = "Biotechnology impacts",
    keywords = "Genetically modified plants rapid appraisal",
    keywords = "Impact assessment",
    keywords = "Technological forecasting "
}

@article{de2006proposed,
  title={A proposed risk assessment method for genetically modified plants},
  author={de Jesus, Katia Regina Evaristo and Lanna, Anna Cristina and Vieira, Fabio Danilo and de Abreu, Andre Luiz and de Lima, Denis Ubeda},
  journal={Applied Biosafety},
  volume={11},
  number={3},
  pages={127},
  year={2006},
  publisher={AMERICAN BIOLOGICAL SAFETY ASSOCIATION}
}

@article{Wilson2007299,
    title = "Contrasting and comparing sustainable development indicator metrics ",
    journal = "Ecological Indicators ",
    volume = "7",
    number = "2",
    pages = "299 - 314",
    year = "2007",
    note = "",
    issn = "1470-160X",
    doi = "http://dx.doi.org/10.1016/j.ecolind.2006.02.009",
    url = "http://www.sciencedirect.com/science/article/pii/S1470160X06000215",
    author = "Jeffrey Wilson and Peter Tyedmers and Ronald Pelot",
    keywords = "Sustainability",
    keywords = "Sustainable development",
    keywords = "Indicators",
    keywords = "Indicators of development",
    keywords = "Ecological footprint",
    keywords = "Environmental sustainability index",
    keywords = "Wellbeing index "
}


@article{souza2004web,
  title={A Web Sem{\^a}ntica e suas contribui{\c{c}}{\~o}es para a ci{\^e}ncia da informa{\c{c}}{\~a}o},
  author={Souza, Renato Rocha and Alvarenga, L{\'\i}dia},
  journal={Ci{\^e}ncia da Informa{\c{c}}{\~a}o, Bras{\'\i}lia},
  volume={33},
  number={1},
  pages={132--141},
  year={2004},
  publisher={SciELO Brasil}
}

@article{gruber1993translation,
  title={A translation approach to portable ontology specifications},
  author={Gruber, Thomas R},
  journal={Knowledge acquisition},
  volume={5},
  number={2},
  pages={199--220},
  year={1993},
  publisher={Elsevier}
}

@article{Burton:1987,
    author = {Burton, Ian},
    title = {Report on Reports: Our Common Future},
    journal = {Environment: Science and Policy for Sustainable Development},
    volume = {29},
    number = {5},
    pages = {25-29},
    year = {1987},
    doi = {10.1080/00139157.1987.9928891},
    
    URL = { 
            http://dx.doi.org/10.1080/00139157.1987.9928891
    },
    eprint = { 
            http://dx.doi.org/10.1080/00139157.1987.9928891
    }
}

@article{brundtland1987our,
  title={Our common future: Report of the 1987 World Commission on Environment and Development},
  author={Brundtland, G and others},
  journal={United Nations, Oslo},
  pages={1--59},
  year={1987}
}

@article{van2008integrated,
  title={Integrated assessment of agricultural systems--A component-based framework for the European Union (SEAMLESS)},
  author={Van Ittersum, Martin K and Ewert, Frank and Heckelei, Thomas and Wery, Jacques and Alkan Olsson, Johanna and Andersen, Erling and Bezlepkina, Irina and Brouwer, Floor and Donatelli, Marcello and Flichman, Guillermo and others},
  journal={Agricultural systems},
  volume={96},
  number={1},
  pages={150--165},
  year={2008},
  publisher={Elsevier}
}

@article{schwaber2002gile,
  title={gil{\`e} Software Development with Scrum},
  author={Schwaber, Ken and Beedle, Mike},
  year={2002}
}

@book{van2005indicadores,
  title={Indicadores de sustentabilidade: uma an{\'a}lise comparativa},
  author={Van Bellen, Hans Michael},
  year={2005},
  publisher={FGV editora}
}

@book{simon1991architecture,
  title={The architecture of complexity},
  author={Simon, Herbert A},
  year={1991},
  publisher={Springer}
}

@book{oliveira:2013,
  title={Avalia{\c{c}}{\~a}o da sustentabilidade de sistemas de produ{\c{c}}{\~a}o da cana-de-a{\c{c}}{\'u}car no estado de S{\~a}o Paulo: uma proposta metodol{\'o}gica e de modelo conceitual},
  author={Oliveira Cardoso, Bruno},
  year={2013}
}

@inproceedings{rusher2003triple,
  title={Triple store},
  author={Rusher, Jack},
  booktitle={Workshop on Semantic Web Storage and Retrieval-Position Paper},
  year={2003}
}

@inproceedings{roussey2010ontologies,
  title={Ontologies in Agriculture},
  author={Roussey, Catherine and Soulignac, V and Champomier, JC and Abt, V and Chanet, JP and others},
  booktitle={AgEng 2010, International Conference on Agricultural Engineering},
  year={2010}
}

@inproceedings{brilhante:2006,
  title={Information integration through ontology and metadata for sustainability analysis},
  author={Brilhante, V and Ferreira, A and Marinho, J and Pereira, JS},
  booktitle={Proc. of the 3rd biennial meeting of the International Environmental Modelling and Software Society},
  year={2006}
}

@inproceedings{boseley2009development,
  title={Development of an ontology to aid sugarcane research},
  author={Boseley, Bianca and Casu, Rosanne E and others},
  booktitle={Proceedings of the 2009 Conference of the Australian Society of Sugar Cane Technologists held at Ballina, New South Wales, Australia, 5-8 May 2009.},
  pages={250--255},
  year={2009},
  organization={Australian Society of Sugar Cane Technologists}
}

@misc{noy2001ontology,
  title={Ontology development 101: A guide to creating your first ontology},
  author={Noy, Natalya F and McGuinness, Deborah L and others},
  year={2001},
  publisher={Stanford knowledge systems laboratory technical report KSL-01-05 and Stanford medical informatics technical report SMI-2001-0880}
}

@misc{brandao2002introduccao,
  title={Uma Introdu{\c{c}}{\~a}o {\`a} engenharia de ontologias no contexto da web sem{\^a}ntica},
  author={Brand{\~a}o, Anarosa Alves Franco and de Lucena, Carlos Jos{\'e} Pereira},
  year={2002},
  publisher={PUC}
}

@misc{Lata_semanticweb,
    author = {Swaran Lata and Bhaskar Sinha and Ela Kumar and Somnath Ch and Raghu Arora},
    title = {SEMANTIC WEB QUERY ON E- GOVERNANCE DATA AND DESIGNING ONTOLOGY FOR AGRICULTURE DOMAIN},
    year = {}
}

@misc{autor:2014,
  title={Arquitetura SustenAgro},
  author={Garavito, John},
  year={2014}
}

@book{koenig2007groovy,
  title={Groovy in action},
  author={Koenig, Dierk and Glover, Andrew and King, Paul and Laforge, Guillaume and Skeet, Jon},
  volume={91},
  year={2007},
  publisher={Manning}
}

@article{judd2008beginning,
  title={Beginning Groovy and Grails},
  author={Judd, Christopher M and Nusairat, Joseph Faisal and Shingler, James},
  journal={New York: Appres},
  year={2008},
  publisher={Springer}
}

@book{SemanticWebServices ,
   title =     {Semantic Web Services    },
   author =    {Dieter Fensel, Federico Michele Facca, Elena Simperl, Ioan Toma (auth.)},
   publisher = {Springer-Verlag Berlin Heidelberg},
   isbn =      {3642191924,9783642191923},
   year =      {2011},
   series =    {},
   edition =   {1},
   volume =    {},
   url =       {http://gen.lib.rus.ec/book/index.php?md5=0F713089013764FD8AA183BC62AF0CA1}
}

@book{SemanticWebProgramming,
   title =     {Semantic Web Programming},
   author =    {John Hebeler, Matthew Fisher, Ryan Blace, Andrew Perez-Lopez, Mike Dean},
   publisher = {Wiley},
   isbn =      {047041801X,9780470418017,9780470500446},
   year =      {2009},
   series =    {},
   edition =   {},
   volume =    {},
   url =       {http://gen.lib.rus.ec/book/index.php?md5=7258C94164B1CAD1D28D8CFBDCA864A8}
}
