%% This BibTeX bibliography file was created using BibDesk.
%% http://bibdesk.sourceforge.net/


%% Created for Silvio Domingos at 2014-07-15 15:49:25 -0300 


%% Saved with string encoding Unicode (UTF-8) 



@article{Devedzic2004,
	Acmid = {1434860},
	Address = {Amsterdam, The Netherlands, The Netherlands},
	Author = {Devedzic, Vladan},
	Issn = {1560-4292},
	Issue_Date = {April 2004},
	Journal = {Int. J. Artif. Intell. Ed.},
	Month = apr,
	Number = {2},
	Numpages = {27},
	Pages = {165--191},
	Publisher = {IOS Press},
	Title = {Education and the Semantic Web},
	Url = {http://dl.acm.org/citation.cfm?id=1434858.1434860},
	Volume = {14},
	Year = {2004},
	Bdsk-Url-1 = {http://dl.acm.org/citation.cfm?id=1434858.1434860}}

@book{OGC2011,
	Added-At = {2013-06-26T11:40:19.000+0200},
	Author = {OGC, Open Geospatial Consortium},
	Biburl = {http://www.bibsonomy.org/bibtex/21504701675f60717f6ef726c2c883b3c/scubbx},
	Edition = {1.2.1},
	Editor = {Herring, John R.},
	Interhash = {6277cf31daa31ee365b1305882192c77},
	Intrahash = {1504701675f60717f6ef726c2c883b3c},
	Keywords = {OpenGIS feature ogc simplefeature},
	Timestamp = {2013-06-26T11:40:19.000+0200},
	Title = {OpenGIS Implementation Standard for Geographic information - Simple feature access},
	Year = 2011}

@misc{Kolas2009,
	Author = {Dave Kolas and Ian Emmons and Mike Dean},
	Booktitle = {ISWC},
	Title = {Efficient Linked-List RDF Indexing in Parliament},
	Year = {2009}
}

@inproceedings{Bereta2013,
	Added-At = {2013-05-23T00:00:00.000+0200},
	Author = {Bereta, Konstantina and Smeros, Panayiotis and Koubarakis, Manolis},
	Biburl = {http://www.bibsonomy.org/bibtex/2fef4fa5dcb0ab5ce17a6cdbed65eecbc/dblp},
	Booktitle = {ESWC},
	Crossref = {conf/esws/2013},
	Editor = {Cimiano, Philipp and Corcho, ''scar and Presutti, Valentina and Hollink, Laura and Rudolph, Sebastian},
	Ee = {http://dx.doi.org/10.1007/978-3-642-38288-8_18},
	Interhash = {58b35ec87fbb7523d656bfaf7e65038b},
	Intrahash = {fef4fa5dcb0ab5ce17a6cdbed65eecbc},
	Isbn = {978-3-642-38288-8},
	Keywords = {dblp},
	Pages = {259-274},
	Publisher = {Springer},
	Series = {Lecture Notes in Computer Science},
	Timestamp = {2013-05-23T00:00:00.000+0200},
	Title = {Representation and Querying of Valid Time of Triples in Linked Geospatial Data.},
	Url = {http://dblp.uni-trier.de/db/conf/esws/eswc2013.html#BeretaSK13},
	Volume = 7882,
	Year = 2013,
	Bdsk-Url-1 = {http://dblp.uni-trier.de/db/conf/esws/eswc2013.html#BeretaSK13}}

@article{Dentler2011,
	Acmid = {2336453},
	Address = {Amsterdam, The Netherlands, The Netherlands},
	Author = {Dentler, Kathrin and Cornet, Ronald and ten Teije, Annette and de Keizer, Nicolette},
	Doi = {10.3233/SW-2011-0034},
	Issn = {1570-0844},
	Issue_Date = {April 2011},
	Journal = {Semant. web},
	Keywords = {DL reasoners, OWL 2 EL, SNOMED CT, biomedical ontologies, semantic web},
	Month = apr,
	Number = {2},
	Numpages = {17},
	Pages = {71--87},
	Publisher = {IOS Press},
	Title = {Comparison of Reasoners for Large Ontologies in the OWL 2 EL Profile},
	Url = {http://dx.doi.org/10.3233/SW-2011-0034},
	Volume = {2},
	Year = {2011},
	Bdsk-Url-1 = {http://dx.doi.org/10.3233/SW-2011-0034}}

@inproceedings{Laurindo2011,
	Address = {Co-located with the 6th Iberoamerican Congress on Telematics, Gramado},
	Author = {Jose Laurindo Campos dos Santos and Jose F. de Magalhaes Netto and Alberto Nogueira de Castro and Andrea C. F. Albuquerque and Edilson Ferneda and Luiza Alonso and Ricardo L. da C. Rocha and Daniel T. de Mendonca},
	Pdf = {http://ceur-ws.org/Vol-728/paper8.pdf},
	Publisher = {Iberoamerican Meeting of Ontological Research},
	Title = {Ontologias para Interoperabilidade de Modelos e Sistemas de Informa{\c c}{\~a}o de Biodiversidade},
	Volume = 728,
	Year = 2011}

@article{Guizzardi2010,
	Added-At = {2012-05-30T10:46:52.000+0200},
	Author = {Guizzardi, Giancarlo},
	Biburl = {http://www.bibsonomy.org/bibtex/2053ee89a3a1559bfac00c406b14a89fd/flint63},
	Doi = {10.3233/SW-2010-0015},
	File = {IOS MetaPress:2010/Guizzardi10swj.pdf:PDF},
	Groups = {public},
	Interhash = {201174b962f40d44537dae2bfcf8e0d5},
	Intrahash = {053ee89a3a1559bfac00c406b14a89fd},
	Issn = {1570-0844},
	Journal = {Semantic Web},
	Keywords = {v1205 paper ai semantic web knowledge engineering tool ontology design pattern zzz.th},
	Number = {1-2},
	Pages = {3-10},
	Timestamp = {2012-05-30T10:46:52.000+0200},
	Title = {Theoretical Foundations and Engineering Tools for Building Ontologies as Reference Conceptual Models},
	Username = {flint63},
	Volume = 1,
	Year = 2010,
	Bdsk-Url-1 = {http://dx.doi.org/10.3233/SW-2010-0015}}

@article{Gruber1993,
	Acmid = {173747},
	Address = {London, UK, UK},
	Author = {Gruber, Thomas R.},
	Doi = {10.1006/knac.1993.1008},
	Issn = {1042-8143},
	Issue_Date = {June 1993},
	Journal = {Knowl. Acquis.},
	Month = jun,
	Number = {2},
	Numpages = {22},
	Pages = {199--220},
	Publisher = {Academic Press Ltd.},
	Title = {A Translation Approach to Portable Ontology Specifications},
	Url = {http://dx.doi.org/10.1006/knac.1993.1008},
	Volume = {5},
	Year = {1993},
	Bdsk-Url-1 = {http://dx.doi.org/10.1006/knac.1993.1008}}

@article{Smith2007,
	Added-At = {2009-11-12T15:30:51.000+0100},
	Author = {Smith, Barry and Ashburner, Michael and Rosse, Cornelius and Bard, Jonathan and Bug, William and Ceusters, Werner and Goldberg, Louis J and Eilbeck, Karen and Ireland, Amelia and Mungall, Christopher J and Leontis, Neocles and Rocca-Serra, Philippe and Ruttenberg, Alan and Sansone, Susanna-Assunta and Scheuermann, Richard H and Shah, Nigam and Whetzel, Patricia L and Lewis, Suzanna},
	Biburl = {http://www.bibsonomy.org/bibtex/2056dd3c3cc47104af7ac08ed3d9297f6/tral},
	Interhash = {116809263f6c559f1b25763ea18c1b3c},
	Intrahash = {056dd3c3cc47104af7ac08ed3d9297f6},
	Issn = {1087-0156},
	Journal = {Nat Biotech},
	Keywords = {_toread bio-ontology},
	Month = {nov},
	Number = 11,
	Pages = {1251--1255},
	Publisher = {Nature Publishing Group},
	Timestamp = {2009-11-12T15:30:51.000+0100},
	Title = {The OBO Foundry: coordinated evolution of ontologies to support biomedical data integration},
	Url = {http://dx.doi.org/10.1038/nbt1346},
	Volume = 25,
	Year = 2007,
	Bdsk-Url-1 = {http://dx.doi.org/10.1038/nbt1346}}

@misc{Noy2001,
	Added-At = {2012-10-26T14:25:11.000+0200},
	Author = {Noy, Natalya F. and {Mcguinness}, Deborah L.},
	Biburl = {http://www.bibsonomy.org/bibtex/283e7cec727a47c6aa2bacd27f947cc1b/mariano.georges},
	Citeulike-Article-Id = {909628},
	Citeulike-Linkout-0 = {http://www.ksl.stanford.edu/people/dlm/papers/ontology101/ontology101-noy-mcguinness.html},
	Howpublished = {Online},
	Interhash = {2a496bb63d728d96264a50c0a4960e9a},
	Intrahash = {83e7cec727a47c6aa2bacd27f947cc1b},
	Keywords = {dt, dt-n7, ontology, protege},
	Posted-At = {2007-08-13 08:26:54},
	Priority = {2},
	Timestamp = {2012-10-26T14:25:11.000+0200},
	Title = {Ontology Development 101: A Guide to Creating Your First Ontology},
	Url = {http://www.ksl.stanford.edu/people/dlm/papers/ontology101/ontology101-noy-mcguinness.html},
	Year = 2001,
	Bdsk-Url-1 = {http://www.ksl.stanford.edu/people/dlm/papers/ontology101/ontology101-noy-mcguinness.html}}

@article{bernerslee2001,
	Added-At = {2012-04-02T16:25:07.000+0200},
	Author = {Berners-Lee, Tim and Hendler, James and Lassila, Ora},
	Biburl = {http://www.bibsonomy.org/bibtex/2222934145a71a9d6cfbbb375d4d62c1d/eakaluk},
	Interhash = {e87f09446138a81e6478625da97885b6},
	Intrahash = {222934145a71a9d6cfbbb375d4d62c1d},
	Journal = {Scientific American},
	Lastdatemodified = {2007-04-27},
	Lastname = {Berners-Lee},
	Month = may,
	Number = 5,
	Own = {notown},
	Pages = {34-43},
	Read = {notread},
	Title = {The Semantic Web},
	Url = {http://www.sciam.com/article.cfm?articleID=00048144-10D2-1C70-84A9809EC588EF21},
	Volume = 284,
	Year = 2001,
	Bdsk-Url-1 = {http://www.sciam.com/article.cfm?articleID=00048144-10D2-1C70-84A9809EC588EF21}}

@inproceedings{Boley2001,
	Added-At = {2008-11-14T21:39:32.000+0100},
	Address = {Stanford University, California},
	Author = {Boley, S. Tabet H. and Wagner, G.},
	Biburl = {http://www.bibsonomy.org/bibtex/2398b130858b0d8d8a0edaef6bbbfca3e/benedikt.linse},
	Booktitle = {Proc. Semantic Web Working Symposium},
	Editor = {Cruz, I. F. and Decker, S. and Euzenat, J. and McGuinness, D. L.},
	Interhash = {f49179d791e400c00877db7842f4c1fa},
	Intrahash = {398b130858b0d8d8a0edaef6bbbfca3e},
	Keywords = {RDF RuleML Rules SemanticWeb},
	Pages = {381-402},
	Pdf = {http://www.semanticweb.org/SWWS/program/full/paper20.pdf},
	Timestamp = {2008-11-14T21:39:32.000+0100},
	Title = {Design Rationale of {RuleML}: A Markup Language for Semantic Web Rules},
	Year = 2001}

@incollection{McDonald1996,
	Acmid = {265996},
	Address = {Cambridge, MA, USA},
	Author = {McDonald, David D.},
	Chapter = {Internal and External Evidence in the Identification and Semantic Categorization of Proper Names},
	Editor = {Boguraev, Branimir and Pustejovsky, James},
	Isbn = {0-262-02392-X},
	Numpages = {19},
	Pages = {21--39},
	Publisher = {MIT Press},
	Title = {Corpus Processing for Lexical Acquisition},
	Url = {http://dl.acm.org/citation.cfm?id=265994.265996},
	Year = {1996},
	Bdsk-Url-1 = {http://dl.acm.org/citation.cfm?id=265994.265996}}

@inproceedings{Leveling2007,
	Added-At = {2010-07-12T15:51:17.000+0200},
	Address = {Budapest, Hungary},
	Author = {Leveling, Johannes and Hartrumpf, Sven},
	Biburl = {http://www.bibsonomy.org/bibtex/2dac4f2949960b58ee6518a9fc772dcaf/johannes},
	Booktitle = {Results of the CLEF 2007 Cross-Language System Evaluation Campaign, Working Notes for the CLEF 2007 Workshop},
	Description = {johannes full bib},
	Interhash = {7bfa7991d0bfaf384418d0720d811ff8},
	Intrahash = {dac4f2949960b58ee6518a9fc772dcaf},
	Isbn = {2-912335-32-9},
	Keywords = {imported},
	Timestamp = {2010-07-12T15:51:17.000+0200},
	Title = {University of {H}agen at {GeoCLEF} 2007: Exploring Location Indicators for Geographic Information Retrieval},
	Url = {http://www.clef-campaign.org/2007/working_notes/levelingCLEF2007.pdf},
	Year = 2007,
	Bdsk-Url-1 = {http://www.clef-campaign.org/2007/working_notes/levelingCLEF2007.pdf}}

@inproceedings{Smith2003,
	Acmid = {1119401},
	Address = {Stroudsburg, PA, USA},
	Author = {Smith, David A. and Mann, Gideon S.},
	Booktitle = {Proceedings of the HLT-NAACL 2003 Workshop on Analysis of Geographic References - Volume 1},
	Doi = {10.3115/1119394.1119401},
	Numpages = {5},
	Pages = {45--49},
	Publisher = {Association for Computational Linguistics},
	Series = {HLT-NAACL-GEOREF '03},
	Title = {Bootstrapping Toponym Classifiers},
	Url = {http://dx.doi.org/10.3115/1119394.1119401},
	Year = {2003},
	Bdsk-Url-1 = {http://dx.doi.org/10.3115/1119394.1119401}}

@inproceedings{Garbin2005,
	Acmid = {1220621},
	Added-At = {2012-10-03T09:34:09.000+0200},
	Address = {Stroudsburg, PA, USA},
	Author = {Garbin, Eric and Mani, Inderjeet},
	Biburl = {http://www.bibsonomy.org/bibtex/2de574cf3bff3a3748fcd9bd5a9a0f3d1/jaeschke},
	Booktitle = {Proceedings of the conference on Human Language Technology and Empirical Methods in Natural Language Processing},
	Doi = {10.3115/1220575.1220621},
	Interhash = {566910cb6e9745ee70da19d2ccafaffa},
	Intrahash = {de574cf3bff3a3748fcd9bd5a9a0f3d1},
	Keywords = {disambiguation extraction geo map news toponym},
	Location = {Vancouver, British Columbia, Canada},
	Numpages = {8},
	Pages = {363--370},
	Publisher = {Association for Computational Linguistics},
	Timestamp = {2012-10-03T09:34:09.000+0200},
	Title = {Disambiguating toponyms in news},
	Url = {http://dx.doi.org/10.3115/1220575.1220621},
	Year = 2005,
	Bdsk-Url-1 = {http://dx.doi.org/10.3115/1220575.1220621}}

@misc{Leidner2004,
	Author = {Leidner, J.},
	Citeulike-Article-Id = {2063107},
	Citeulike-Linkout-0 = {http://citeseerx.ist.psu.edu/viewdoc/summary?doi=10.1.1.1.7914},
	Keywords = {evaluation, geotagging},
	Posted-At = {2007-12-05 17:05:49},
	Priority = {0},
	Title = {{Towards a reference corpus for automatic toponym resolution evaluation}},
	Url = {http://citeseerx.ist.psu.edu/viewdoc/summary?doi=10.1.1.1.7914},
	Year = {2004},
	Bdsk-Url-1 = {http://citeseerx.ist.psu.edu/viewdoc/summary?doi=10.1.1.1.7914}}

@inproceedings{Larson2004,
	Added-At = {2006-02-10T00:00:00.000+0100},
	Author = {Larson, Ray R. and Frontiera, Patricia},
	Biburl = {http://www.bibsonomy.org/bibtex/2cd5a60b32e906a1bfba495fe5fb62f66/dblp},
	Booktitle = {SIGIR},
	Crossref = {conf/sigir/2004},
	Date = {2006-02-10},
	Description = {dblp},
	Editor = {Sanderson, Mark and J{\"a}rvelin, Kalervo and Allan, James and Bruza, Peter},
	Ee = {http://doi.acm.org/10.1145/1008992.1009143},
	Interhash = {e4f53ba5cdbdd10ab38d931324dcf48a},
	Intrahash = {cd5a60b32e906a1bfba495fe5fb62f66},
	Isbn = {1-58113-881-4},
	Keywords = {dblp},
	Pages = 600,
	Publisher = {ACM},
	Timestamp = {2006-02-10T00:00:00.000+0100},
	Title = {Geographic information retrieval (GIR): searching where and what.},
	Url = {http://dblp.uni-trier.de/db/conf/sigir/sigir2004.html#LarsonF04},
	Year = 2004,
	Bdsk-Url-1 = {http://dblp.uni-trier.de/db/conf/sigir/sigir2004.html#LarsonF04}}

@inproceedings{Davis2003,
	Added-At = {2005-10-27T00:00:00.000+0200},
	Author = {Davis, Clodoveu A. and Fonseca, Frederico T. and Borges, Karla A. V.},
	Biburl = {http://www.bibsonomy.org/bibtex/2372fdcb3acb6880d80ba9b090fe55f0b/dblp},
	Booktitle = {GeoInfo},
	Crossref = {conf/geoinfo/2003},
	Date = {2005-10-27},
	Description = {dblp},
	Interhash = {5873aae364c331554585a9779ce66545},
	Intrahash = {372fdcb3acb6880d80ba9b090fe55f0b},
	Keywords = {dblp},
	Timestamp = {2005-10-27T00:00:00.000+0200},
	Title = {A Flexible Addressing System for Approximate Geocoding.},
	Url = {http://dblp.uni-trier.de/db/conf/geoinfo/geoinfo2003.html#DavisFB03},
	Year = 2003,
	Bdsk-Url-1 = {http://dblp.uni-trier.de/db/conf/geoinfo/geoinfo2003.html#DavisFB03}}

@article{Gruber2005,
	Added-At = {2006-12-19T21:25:03.000+0100},
	Author = {Gruber, Tom},
	Biburl = {http://www.bibsonomy.org/bibtex/2b9ee5ae9eaa3b667a11b98c86c456ee2/blaueasterpro},
	Booktitle = {First on-Line conference on Metadata and Semantics Research (MTSR'05)},
	Interhash = {c28aeda316dc80d8e8d63358c840978b},
	Intrahash = {b9ee5ae9eaa3b667a11b98c86c456ee2},
	Keywords = {folksonomy ontology 2005 unread},
	Timestamp = {2006-12-19T21:25:03.000+0100},
	Title = {Ontology of Folksonomy:A Mash-up of Apples and Oranges},
	Url = {http://tomgruber.org/writing/ontology-of-folksonomy.htm},
	Year = 2005,
	Bdsk-Url-1 = {http://tomgruber.org/writing/ontology-of-folksonomy.htm}}

@inproceedings{Kessler2009,
	Added-At = {2009-11-24T00:00:00.000+0100},
	Author = {Kefller, Carsten and Mau{\`E}, Patrick and Heuer, Jan Torben and Bartoschek, Thomas},
	Biburl = {http://www.bibsonomy.org/bibtex/2a4b32b76691653e743326e3319213832/dblp},
	Booktitle = {GeoS},
	Crossref = {conf/geos/2009},
	Date = {2009-11-24},
	Description = {dblp},
	Editor = {Janowicz, Krzysztof and Raubal, Martin and Levashkin, Sergei},
	Ee = {http://dx.doi.org/10.1007/978-3-642-10436-7_6},
	Interhash = {ffa108b7f6cc60afc44399be79b365ec},
	Intrahash = {a4b32b76691653e743326e3319213832},
	Isbn = {978-3-642-10435-0},
	Keywords = {dblp},
	Pages = {83-102},
	Publisher = {Springer},
	Series = {Lecture Notes in Computer Science},
	Timestamp = {2009-11-24T00:00:00.000+0100},
	Title = {Bottom-Up Gazetteers: Learning from the Implicit Semantics of Geotags.},
	Url = {http://dblp.uni-trier.de/db/conf/geos/geos2009.html#KesslerMHB09},
	Volume = 5892,
	Year = 2009,
	Bdsk-Url-1 = {http://dblp.uni-trier.de/db/conf/geos/geos2009.html#KesslerMHB09}}

@inproceedings{Hill2000,
	Added-At = {2002-01-03T00:00:00.000+0100},
	Author = {Hill, Linda L.},
	Biburl = {http://www.bibsonomy.org/bibtex/24c63463283c6c89a43852556ae41a322/dblp},
	Booktitle = {ECDL},
	Crossref = {conf/ercimdl/2000},
	Date = {2002-01-03},
	Description = {dblp},
	Editor = {Borbinha, Jos{\`E} Luis and Baker, Thomas},
	Ee = {http://link.springer.de/link/service/series/0558/bibs/1923/19230280.htm},
	Interhash = {e944e8d29a82585865d7535b7413a4c9},
	Intrahash = {4c63463283c6c89a43852556ae41a322},
	Isbn = {3-540-41023-6},
	Keywords = {dblp},
	Pages = {280-290},
	Publisher = {Springer},
	Series = {Lecture Notes in Computer Science},
	Timestamp = {2002-01-03T00:00:00.000+0100},
	Title = {Core Elements of Digital Gazetteers: Placenames, Categories, and Footprints.},
	Url = {http://dblp.uni-trier.de/db/conf/ercimdl/ecdl2000.html#Hill00},
	Volume = 1923,
	Year = 2000,
	Bdsk-Url-1 = {http://dblp.uni-trier.de/db/conf/ercimdl/ecdl2000.html#Hill00}}

@book{Salton1989,
	Address = {Boston, MA, USA},
	Author = {Salton, Gerard},
	Isbn = {0-201-12227-8},
	Publisher = {Addison-Wesley Longman Publishing Co., Inc.},
	Title = {Automatic Text Processing: The Transformation, Analysis, and Retrieval of Information by Computer},
	Year = {1989}}

@article{Larson1996,
	Abstract = {{Digital library (DL) projects are beginning to create very large-scale repositories of digital information on a wide range of topics. As with traditional print libraries, this information can be indexed and retrieved in a variety of ways, ranging from purely descriptive cataloging of items in the database and topical analysis of content, to more specialized methods of classification and description that exploit the characteristics of digital information. This paper will examine the problems and prospects of a class of retrieval and indexing methods that are particularly suited to digital library materials with geographic content or associations. The characteristics of spatial queries and some of the problems of uncertainty and approximation in spatial and geographic information retrieval are discussed. Requirements and a methodologyfor automatic indexing and georeferencing of text documents are then examined. A "state-of-the-art" examination of network access to georeferenced information is provided, and a specification language and tool for development of graphical interfaces to support geographic information retrieval and spatial browsing is also described. In conclusion, general issues and characteristics of georeferenced multimedia information systems are discussed.}},
	Author = {Larson, Ray R.},
	Citeulike-Article-Id = {3310295},
	Editor = {Smith, Linda and Gluck, Myke},
	Journal = {GIS and Libraries: Patrons, Maps and Spatial Information},
	Keywords = {gir, information-retrieval},
	Month = apr,
	Pages = {81--124},
	Posted-At = {2008-09-21 17:46:33},
	Priority = {2},
	Publisher = {University of Illinois},
	Title = {{Geographic Information Retrieval and Spatial Browsing}},
	Year = {1996}}

@inproceedings{Jones2002,
	Acmid = {564457},
	Address = {New York, NY, USA},
	Author = {Jones, Christopher B. and Purves, R. and Ruas, A. and Sanderson, M. and Sester, M. and van Kreveld, M. and Weibel, R.},
	Booktitle = {Proceedings of the 25th Annual International ACM SIGIR Conference on Research and Development in Information Retrieval},
	Doi = {10.1145/564376.564457},
	Isbn = {1-58113-561-0},
	Location = {Tampere, Finland},
	Numpages = {2},
	Pages = {387--388},
	Publisher = {ACM},
	Series = {SIGIR '02},
	Title = {Spatial Information Retrieval and Geographical Ontologies an Overview of the SPIRIT Project},
	Url = {http://doi.acm.org/10.1145/564376.564457},
	Year = {2002},
	Bdsk-Url-1 = {http://doi.acm.org/10.1145/564376.564457},
	Bdsk-Url-2 = {http://dx.doi.org/10.1145/564376.564457}}

@incollection{Gey2006,
	Abstract = {{GeoCLEF was a new pilot track in CLEF 2005. GeoCLEF was to test and evaluate cross-language geographic information retrieval (GIR) of text. Geographic information retrieval is retrieval oriented toward the geographic specification in the description of the search topic and returns documents which satisfy this geographic information need. For GeoCLEF 2005, twenty-five search topics were defined for searching against the English and German ad-hoc document collections of CLEF. Topic languages were English, German, Portuguese and Spanish. Eleven groups submitted runs and about 25,000 documents (half English and half German) in the pooled runs were judged by the organizers. The groups used a variety of approaches, including geographic bounding boxes and external knowledge bases (geographic thesauri and ontologies and gazetteers). The results were encouraging but showed that additional work needs to be done to refine the task for GeoCLEF in 2006.}},
	Author = {Gey, Fredric and Larson, Ray and Sanderson, Mark and Joho, Hideo and Clough, Paul and Petras, Vivien},
	Citeulike-Article-Id = {5891777},
	Citeulike-Linkout-0 = {http://dx.doi.org/10.1007/11878773\_101},
	Doi = {10.1007/11878773\_101},
	Journal = {Accessing Multilingual Information Repositories},
	Keywords = {file-import-09-10-05, sharks},
	Pages = {908--919},
	Posted-At = {2009-10-05 18:38:46},
	Priority = {2},
	Title = {{GeoCLEF: The CLEF 2005 Cross-Language Geographic Information Retrieval Track Overview}},
	Url = {http://dx.doi.org/10.1007/11878773\_101},
	Year = {2006},
	Bdsk-Url-1 = {http://dx.doi.org/10.1007/11878773%5C_101}}

@article{Jones2008,
	Added-At = {2012-10-16T17:07:18.000+0200},
	Author = {Jones, Christopher B. and Purves, Ross S.},
	Biburl = {http://www.bibsonomy.org/bibtex/2bd31b7d8c2d93542f4aa8f34860ae73b/gzymeri},
	Doi = {10.1080/13658810701626343},
	Eprint = {http://www.tandfonline.com/doi/pdf/10.1080/13658810701626343},
	Interhash = {459c684a58cc75cbfd2dbcbe7ea74349},
	Intrahash = {bd31b7d8c2d93542f4aa8f34860ae73b},
	Journal = {International Journal of Geographical Information Science},
	Keywords = {MA extract geo retrieval ¸berblick},
	Number = 3,
	Pages = {219-228},
	Timestamp = {2012-10-16T17:07:18.000+0200},
	Title = {Geographical information retrieval},
	Url = {http://www.tandfonline.com/doi/abs/10.1080/13658810701626343},
	Volume = 22,
	Year = 2008,
	Bdsk-Url-1 = {http://www.tandfonline.com/doi/abs/10.1080/13658810701626343},
	Bdsk-Url-2 = {http://dx.doi.org/10.1080/13658810701626343}}

@inproceedings{Jones2001,
	Added-At = {2011-06-28T00:00:00.000+0200},
	Author = {Jones, Christopher B. and Alani, Harith and Tudhope, Douglas},
	Biburl = {http://www.bibsonomy.org/bibtex/2f7800761952703142231bd20277c2a89/dblp},
	Booktitle = {COSIT},
	Crossref = {conf/cosit/2001},
	Editor = {Montello, Daniel R.},
	Ee = {http://dx.doi.org/10.1007/3-540-45424-1_22},
	Interhash = {514f7dc05195d9afd40b9c18dbb1a675},
	Intrahash = {f7800761952703142231bd20277c2a89},
	Isbn = {3-540-42613-2},
	Keywords = {dblp},
	Pages = {322-335},
	Publisher = {Springer},
	Series = {Lecture Notes in Computer Science},
	Timestamp = {2011-06-28T00:00:00.000+0200},
	Title = {Geographical Information Retrieval with Ontologies of Place.},
	Url = {http://dblp.uni-trier.de/db/conf/cosit/cosit2001.html#JonesAT01},
	Volume = 2205,
	Year = 2001,
	Bdsk-Url-1 = {http://dblp.uni-trier.de/db/conf/cosit/cosit2001.html#JonesAT01}}

@inproceedings{Buyukokkten1999,
	Added-At = {2012-10-18T15:23:18.000+0200},
	Author = {Buyukokkten, O. and Cho, J. and Garcia-Molina, H. and Gravano, L. and Shivakumar, N.},
	Biburl = {http://www.bibsonomy.org/bibtex/2e11318a53e9580e3b7ef3a43aebe6151/gzymeri},
	Booktitle = {ACM SIGMOD Workshop on The Web and Databases (WebDB'99)},
	Interhash = {f372659655611b5bc702944b4a42a083},
	Intrahash = {e11318a53e9580e3b7ef3a43aebe6151},
	Keywords = {GIR MA extract geo scope},
	Timestamp = {2012-10-18T15:23:18.000+0200},
	Title = {Exploiting Geographical Location Information of Web Pages},
	Url = {http://ilpubs.stanford.edu:8090/415/},
	Year = 1999,
	Bdsk-Url-1 = {http://ilpubs.stanford.edu:8090/415/}}

@inproceedings{Giles1998,
	Added-At = {2006-06-16T10:34:37.000+0200},
	Address = {Pittsburgh, PA},
	Author = {Giles, Lee C. and Bollacker, Kurt and Lawrence, Steve},
	Biburl = {http://www.bibsonomy.org/bibtex/271f58185624e2bddae2c636952d0c84c/ldietz},
	Booktitle = {Digital Libraries 98 - The Third ACM Conference on Digital Libraries},
	Citeulike-Article-Id = {344924},
	Comment = {Main.ThomasHofmannCiteSeer},
	Editor = {Witten, Ian and Akscyn, Rob and Shipman, Frank M.},
	Interhash = {2bca4298c76b86fc4262b98c0378f762},
	Intrahash = {71f58185624e2bddae2c636952d0c84c},
	Keywords = {citeseer mustread socialnets},
	Month = {June FebruaryMarch--FebruaryJune},
	Pages = {89--98},
	Priority = {3},
	Publisher = {ACM Press},
	Timestamp = {2006-06-16T10:34:37.000+0200},
	Title = {CiteSeer: An Automatic Citation Indexing System},
	Url = {http://citeseer.ist.psu.edu/108208.html},
	Year = 1998,
	Bdsk-Url-1 = {http://citeseer.ist.psu.edu/108208.html}}

@inproceedings{Pagee1998,
	Added-At = {2008-01-09T21:02:24.000+0100},
	Address = {Brisbane, Australia},
	Author = {Page, L. and Brin, S. and Motwani, R. and Winograd, T.},
	Biburl = {http://www.bibsonomy.org/bibtex/2ac49c33e114ca171db40cece6a0ae4d6/sac},
	Booktitle = {Proceedings of the 7th International World Wide Web Conference},
	Interhash = {ca10cf0b0dd668c64b1f378ff0775849},
	Intrahash = {ac49c33e114ca171db40cece6a0ae4d6},
	Keywords = {2007 kde pagerank seminar web},
	Pages = {161--172},
	Timestamp = {2008-01-09T21:02:24.000+0100},
	Title = {The PageRank citation ranking: Bringing order to the Web},
	Url = {citeseer.nj.nec.com/page98pagerank.html},
	Year = 1998,
	Bdsk-Url-1 = {citeseer.nj.nec.com/page98pagerank.html}}

@mastersthesis{Gouvea2009,
	Author = {Cleber Gouv{\'I}a},
	Publisher = {Universidade Cat{\^U}lica de Pelotas Centro Polit{\`E}cnico, Pelotas},
	Title = {Uma Abordagem para o Enriquecimento de Gazetteers a partir de Not{\`I}cias visando o Georreferenciamento de Textos na Web},
	Type = {Mestrado},
	Url = {http://ppginf.ucpel.tche.br/DM-Arquivos/2009/PPGINF-UCPel-DM-2009-1-001.pdf},
	Year = {2009},
	Bdsk-Url-1 = {http://ppginf.ucpel.tche.br/DM-Arquivos/2009/PPGINF-UCPel-DM-2009-1-001.pdf}}

@misc{Rubin2007,
	Author = {Daniel L. Rubin and Natalya F. Noy and Mark A. Musen},
	Title = {Prot{\`E}g{\`E}: A Tool for Managing and Using Terminology in Radiology Applications},
	Year = {2007}}

@mastersthesis{Flor2014,
	Author = {Flor Karina Mamani Amanqui},
	Publisher = {ICMC-USP, Instituto de Ci{\'I}ncias Matem·ticas e de Computa{\'A}„o, Universidade de S„o Paulo, S„o Carlos},
	Title = {Uma arquitetura para sistemas de busca sem‚ntica para recupera{\'A}„o de informa{\'A}ıes em reposit{\^U}rios de biodiversidade},
	Type = {Mestrado},
	Url = {http://www.teses.usp.br/teses/disponiveis/55/55134/tde-03072014-150009/},
	Year = {2014},
	Bdsk-Url-1 = {http://www.teses.usp.br/teses/disponiveis/55/55134/tde-03072014-150009/}}

@mastersthesis{Serique2012,
	Author = {Kleberson Junio Amaral Serique},
	Publisher = {ICMC-USP, Instituto de Ci{\'I}ncias Matem·ticas e de Computa{\'A}„o, Universidade de S„o Paulo, S„o Carlos},
	Title = {Anota{\'A}„o de imagens radiol{\^U}gicas usando a web sem‚ntica para colabora{\'A}„o cient{\`I}fica e cl{\`I}nica},
	Type = {Mestrado},
	Url = {http://www.teses.usp.br/teses/disponiveis/55/55134/tde-10092012-155249/},
	Year = {2012},
	Bdsk-Url-1 = {http://www.teses.usp.br/teses/disponiveis/55/55134/tde-10092012-155249/}}

@book{Cooper2008,
	Author = {Robert Cooper and Charles Collins},
	Isbn = {1-933988-29-0},
	Publisher = {Manning Publications},
	Title = {GWT in Pratice},
	Year = 2008}

@book{Shah2008,
	Address = {Boston},
	Author = {Shah, Shreeraj},
	Isbn = {978-1-584-50550-1},
	Note = {Index},
	Publisher = {Charles River Media},
	Series = {Charles River Media Internet series},
	Title = {Web 2.0 security : defending Ajax, {RIA}, and {SOA}},
	Url = {http://opac.inria.fr/record=b1124813},
	Year = 2008,
	Bdsk-Url-1 = {http://opac.inria.fr/record=b1124813}}

@techreport{Geiza2004,
	Address = {http://www2.ic.uff.br/~gsilva/slreic.pdf},
	Author = {Geiza Cristina da Silva and Tarc{\`I}sio de Souza Lima},
	Institution = {UFJF},
	Title = {{RDF e RDFS na Infra-estrutura de Suporte ‡ Web Sem‚ntica}},
	Url = {http://www2.ic.uff.br/~gsilva/slreic.pdf},
	Year = 2004,
	Bdsk-Url-1 = {http://www2.ic.uff.br/~gsilva/slreic.pdf}}

@article{SOUZA2004,
	Author = {Renato Rocha Souza and L{\`I}dia Alvarenga},
	Crossref = {10.1590/S0100-19652004000100016},
	Issn = {0100-1965},
	Journal = {{Ci{\'I}ncia da Informa{\'A}„o}},
	Language = {pt},
	Month = {04},
	Pages = {132 - 141},
	Publisher = {scielo},
	Title = {{A Web Sem‚ntica e suas contribui{\'A}ıes para a ci{\'I}ncia da informa{\'A}„o}},
	Url = {http://www.scielo.br/scielo.php?script=sci_arttext&pid=S0100-19652004000100016&nrm=iso},
	Volume = {33},
	Year = {2004},
	Bdsk-Url-1 = {http://www.scielo.br/scielo.php?script=sci_arttext&pid=S0100-19652004000100016&nrm=iso}}

@techreport{bechhofer2004,
	Added-At = {2009-11-25T18:41:14.000+0100},
	Address = {http://www.w3.org/TR/owl-ref/},
	Author = {Bechhofer, Sean and van Harmelen, Frank and Hendler, Jim and Horrocks, Ian and McGuinness, Deborah L. and Patel-Schneider, Peter F. and Stein, Lynn Andrea},
	Biburl = {http://www.bibsonomy.org/bibtex/2fd309efe1d267447a15113f8aec77dc2/sonntag},
	Description = {Daniel Sonntag all references},
	Institution = {W3C},
	Interhash = {a88b5e9d8158d7a1ac810db76ff0205e},
	Intrahash = {fd309efe1d267447a15113f8aec77dc2},
	Keywords = {QABook imported},
	Month = {February},
	Owner = {sonntag},
	Timestamp = {2009-11-25T18:41:14.000+0100},
	Title = {{OWL Web Ontology Language Reference}},
	Year = 2004}

@inproceedings{Koubarakis2012,
	Added-At = {2012-12-18T00:00:00.000+0100},
	Author = {Koubarakis, Manolis and Karpathiotakis, Manos and Kyzirakos, Kostis and Nikolaou, Charalampos and Sioutis, Michael},
	Biburl = {http://www.bibsonomy.org/bibtex/217e088008c6c8a2aac7531c7638ff11f/dblp},
	Booktitle = {Reasoning Web},
	Crossref = {conf/rweb/2012},
	Editor = {Eiter, Thomas and Krennwallner, Thomas},
	Ee = {http://dx.doi.org/10.1007/978-3-642-33158-9_8},
	Interhash = {ab573af3fb08c762f316685fa2d9346c},
	Intrahash = {17e088008c6c8a2aac7531c7638ff11f},
	Isbn = {978-3-642-33157-2},
	Keywords = {dblp},
	Pages = {290-328},
	Publisher = {Springer},
	Series = {Lecture Notes in Computer Science},
	Timestamp = {2012-12-18T00:00:00.000+0100},
	Title = {Data Models and Query Languages for Linked Geospatial Data.},
	Url = {http://dblp.uni-trier.de/db/conf/rweb/rweb2012.html#KoubarakisKKNS12},
	Volume = 7487,
	Year = 2012,
	Bdsk-Url-1 = {http://dblp.uni-trier.de/db/conf/rweb/rweb2012.html#KoubarakisKKNS12}}

@inproceedings{Kessler2012,
	Added-At = {2012-09-06T00:00:00.000+0200},
	Author = {Kefller, Carsten and Janowicz, Krzysztof and Kauppinen, Tomi},
	Biburl = {http://www.bibsonomy.org/bibtex/289ca17478a689e8303d3feedc454d649/dblp},
	Booktitle = {GIScience},
	Crossref = {conf/giscience/2012},
	Editor = {Xiao, Ningchuan and Kwan, Mei-Po and Goodchild, Michael F. and Shekhar, Shashi},
	Ee = {http://dx.doi.org/10.1007/978-3-642-33024-7_8},
	Interhash = {81c902c08ba7be6f68f9b555eea8ea80},
	Intrahash = {89ca17478a689e8303d3feedc454d649},
	Isbn = {978-3-642-33023-0},
	Keywords = {dblp},
	Pages = {102-115},
	Publisher = {Springer},
	Series = {Lecture Notes in Computer Science},
	Timestamp = {2012-09-06T00:00:00.000+0200},
	Title = {spatial@linkedscience - Exploring the Research Field of GIScience with Linked Data.},
	Url = {http://dblp.uni-trier.de/db/conf/giscience/giscience2012.html#KesslerJK12},
	Volume = 7478,
	Year = 2012,
	Bdsk-Url-1 = {http://dblp.uni-trier.de/db/conf/giscience/giscience2012.html#KesslerJK12}}

@article{jacard,
	Author = {Yin, Yong and Yasuda, Kazuhiko},
	Journal = {International Journal of Production Economics},
	Number = {2},
	Pages = {329-352},
	Title = {Similarity coefficient methods applied to the cell formation problem: A taxonomy and review},
	Url = {http://EconPapers.repec.org/RePEc:eee:proeco:v:101:y:2006:i:2:p:329-352},
	Volume = {101},
	Year = {2006},
	Bdsk-Url-1 = {http://EconPapers.repec.org/RePEc:eee:proeco:v:101:y:2006:i:2:p:329-352}}

@inproceedings{GBIF,
	Author = {GBIF},
	Booktitle = {online},
	Title = {Data Portal of the Global Biodiversity Information Facility (GBIF)},
	Url = {http://www.gbif.org},
	Year = 2014,
	Bdsk-Url-1 = {http://www.gbif.org}}

@article{BIOTAFAPESP,
	Author = {Metzger, Jean-paul and Casatti, Lilian},
	Citeulike-Article-Id = {12009397},
	Citeulike-Linkout-0 = {http://www.scielo.br/scielo.php?script=sci\_arttext\&\#38;pid=S1676-06032006000200002\&\#38;lng=pt\&\#38;nrm=iso\&\#38;tlng=pt},
	Citeulike-Linkout-1 = {http://dx.doi.org/10.1590/S1676-06032006000200002},
	Doi = {10.1590/S1676-06032006000200002},
	Journal = {Biota Neotropica},
	Keywords = {analysis, areas, biological, biota, brazil, ecological, fapesp, gap, indicators, paulo, priority, program, reserves, sao, state},
	Number = {2},
	Pages = {1--23},
	Pdf = {file:///C:/Users/Thiago Silva/Documents/Mendeley Desktop/2006/Metzger, Casatti - Do diagn\'{o}stico \`{a} conserva\c{c}\~{a}o da biodiversidade o estado da arte do programa BIOTAFAPESP - Biota Neotropica - 2006.pdf},
	Posted-At = {2013-02-09 10:04:56},
	Priority = {2},
	Title = {{Do diagn\'{o}stico \`{a} conserva\c{c}\~{a}o da biodiversidade: o estado da arte do programa BIOTA/FAPESP}},
	Url = {http://www.scielo.br/scielo.php?script=sci\_arttext\&\#38;pid=S1676-06032006000200002\&\#38;lng=pt\&\#38;nrm=iso\&\#38;tlng=pt},
	Volume = {6},
	Year = {2006},
	Bdsk-Url-1 = {http://dx.doi.org/10.1590/S1676-06032006000200002}}

@inproceedings{Farias2010,
	Author = {Farias, E. M. B. and Campos dos Santos J. L. and Geller, M. T. b.},
	Booktitle = {II Jornada Cient{\`I}fica de Computa{\'A}„o (JCC 2010)},
	Crossref = {Boa Vista - Roraima},
	Publisher = {Anais da II Jornada Cient{\`I}fica de Computa{\'A}„o},
	Title = {Proposta para Integra{\'A}„o de Geo-dados Biol{\^U}gicos um Gazetteer Colaborativo},
	Year = 2010}

@inproceedings{SpeciesLink,
	Author = {SpeciesLink},
	Booktitle = {online},
	Title = {Sistema de Informa{\'A}„o Distribu{\`I}do para Cole{\'A}ıes Biol{\^U}gicas: a Integra{\'A}„o do Species Analyst e do SinBiota (FAPESP)},
	Url = {http://splink.cria.org.br/description?criaLANG=pt},
	Year = 2014,
	Bdsk-Url-1 = {http://splink.cria.org.br/description?criaLANG=pt}}

@inproceedings{Gil2010,
	Added-At = {2011-04-05T00:00:00.000+0200},
	Author = {Gil, Fabiana B. and Kozievitch, N·dia P. and da Silva Torres, Ricardo},
	Biburl = {http://www.bibsonomy.org/bibtex/2094ae3847e1deaf102d3573699a54dc0/dblp},
	Booktitle = {GeoInfo},
	Crossref = {conf/geoinfo/2010},
	Editor = {Bogorny, Vania and Vinhas, L˙bia},
	Ee = {http://www.geoinfo.info/geoinfo2010/proceedings_geoinfo2010.pdf#page=33},
	Interhash = {e07b1ae9bb3b39b8847f071b414250ee},
	Intrahash = {094ae3847e1deaf102d3573699a54dc0},
	Keywords = {dblp},
	Pages = {33-44},
	Publisher = {MCT/INPE},
	Timestamp = {2011-04-05T00:00:00.000+0200},
	Title = {A Geographic Annotation Service for Biodiversity Systems.},
	Url = {http://dblp.uni-trier.de/db/conf/geoinfo/geoinfo2010.html#GilKT10},
	Year = 2010,
	Bdsk-Url-1 = {http://dblp.uni-trier.de/db/conf/geoinfo/geoinfo2010.html#GilKT10}}

@article{Bisby2000,
	Abstract = {{The massive development of biodiversity-related information systems on the Internet has created much that appears exciting but chaotic, a diversity to match biodiversity itself. This richness and the arrays of new sources are counterbalanced by the maddening difficulty in knowing what is where, or of comparing like with like. But quietly, behind the first waves of exuberance, biologists and computer scientists have started to pull together in a rising tide of coherence and organization. The fledgling field of biodiversity informatics looks set to deliver major advances that could turn the Internet into a giant global biodiversity information system.}},
	Author = {Bisby, Frank A.},
	Citeulike-Article-Id = {6540077},
	Citeulike-Linkout-0 = {http://dx.doi.org/10.1126/science.289.5488.2309},
	Citeulike-Linkout-1 = {http://www.sciencemag.org/content/289/5488/2309.abstract},
	Citeulike-Linkout-2 = {http://www.sciencemag.org/content/289/5488/2309.full.pdf},
	Citeulike-Linkout-3 = {http://www.sciencemag.org/cgi/content/abstract/289/5488/2309},
	Citeulike-Linkout-4 = {http://view.ncbi.nlm.nih.gov/pubmed/11009408},
	Citeulike-Linkout-5 = {http://www.hubmed.org/display.cgi?uids=11009408},
	Day = {29},
	Doi = {10.1126/science.289.5488.2309},
	Issn = {1095-9203},
	Journal = {Science},
	Keywords = {biodiversity\_informatics},
	Month = sep,
	Number = {5488},
	Pages = {2309--2312},
	Pmid = {11009408},
	Posted-At = {2011-09-19 12:53:00},
	Priority = {2},
	Publisher = {American Association for the Advancement of Science},
	Title = {{The Quiet Revolution: Biodiversity Informatics and the Internet}},
	Url = {http://dx.doi.org/10.1126/science.289.5488.2309},
	Volume = {289},
	Year = {2000},
	Bdsk-Url-1 = {http://dx.doi.org/10.1126/science.289.5488.2309}}

@article{ALHO2008,
	Author = {Alho, CJR.},
	Crossref = {10.1590/S1519-69842008000500018},
	Issn = {1519-6984},
	Journal = {{Brazilian Journal of Biology}},
	Language = {en},
	Month = {11},
	Pages = {1115 - 1118},
	Publisher = {scielo},
	Title = {{The value of biodiversity}},
	Url = {http://www.scielo.br/scielo.php?script=sci_arttext&pid=S1519-69842008000500018&nrm=iso},
	Volume = {68},
	Year = {2008},
	Bdsk-Url-1 = {http://www.scielo.br/scielo.php?script=sci_arttext&pid=S1519-69842008000500018&nrm=iso}}

@inproceedings{Parundekar2010,
	Added-At = {2010-12-13T00:00:00.000+0100},
	Author = {Parundekar, Rahul and Knoblock, Craig A. and Ambite, Jos{\`E} Luis},
	Biburl = {http://www.bibsonomy.org/bibtex/2a6e7ec5e2495a96042ad4b6e27358d76/dblp},
	Booktitle = {International Semantic Web Conference (1)},
	Crossref = {conf/semweb/2010-1},
	Editor = {Patel-Schneider, Peter F. and Pan, Yue and Hitzler, Pascal and Mika, Peter and 0007, Lei Zhang and Pan, Jeff Z. and Horrocks, Ian and Glimm, Birte},
	Ee = {http://dx.doi.org/10.1007/978-3-642-17746-0_38},
	Interhash = {04bbd2becd5d60f3b01249b98e660d13},
	Intrahash = {a6e7ec5e2495a96042ad4b6e27358d76},
	Isbn = {978-3-642-17745-3},
	Keywords = {dblp},
	Pages = {598-614},
	Publisher = {Springer},
	Series = {Lecture Notes in Computer Science},
	Timestamp = {2010-12-13T00:00:00.000+0100},
	Title = {Linking and Building Ontologies of Linked Data.},
	Url = {http://dblp.uni-trier.de/db/conf/semweb/iswc2010-1.html#ParundekarKA10},
	Volume = 6496,
	Year = 2010,
	Bdsk-Url-1 = {http://dblp.uni-trier.de/db/conf/semweb/iswc2010-1.html#ParundekarKA10}}

@inproceedings{Amanqui2013,
	Added-At = {2013-09-25T00:00:00.000+0200},
	Author = {Amanqui, Flor K. and Serique, Kleberson J. and Lamping, Franco and Albuquerque, Andrea C. F. and Santos, Jos{\`E} L. C. Dos and Moreira, Dilvan A.},
	Biburl = {http://www.bibsonomy.org/bibtex/254ea6acec48d99fded1bae05e8dd4c0a/dblp},
	Booktitle = {ONTOBRAS},
	Crossref = {conf/ontobras/2013},
	Editor = {Bax, Marcello Peixoto and Almeida, Mauricio Barcellos and Wassermann, Renata},
	Ee = {http://ceur-ws.org/Vol-1041/ontobras-2013_paper29.pdf},
	Interhash = {fe1a307e8790ec88c6bc25d1881f1cd5},
	Intrahash = {54ea6acec48d99fded1bae05e8dd4c0a},
	Keywords = {dblp},
	Pages = {83-93},
	Publisher = {CEUR-WS.org},
	Series = {CEUR Workshop Proceedings},
	Timestamp = {2013-09-25T00:00:00.000+0200},
	Title = {Semantic Search Architecture for Retrieving Information in Biodiversity Repositories.},
	Url = {http://dblp.uni-trier.de/db/conf/ontobras/ontobras2013.html#AmanquiSLASM13},
	Volume = 1041,
	Year = 2013,
	Bdsk-Url-1 = {http://dblp.uni-trier.de/db/conf/ontobras/ontobras2013.html#AmanquiSLASM13}}

@inproceedings{Berners-Lee2006,
	Added-At = {2008-07-22T17:45:44.000+0200},
	Author = {Berners-Lee, Tim and Chen, Yuhsin and Chilton, Lydia and Connolly, Dan and Dhanaraj, Ruth and Hollenbach, James and Lerer, Adam and Sheets, David},
	Biburl = {http://www.bibsonomy.org/bibtex/2552737aed5ba6da5c90a0b2a835c76b5/terraces},
	Booktitle = {Proceedings of the 3rd International Semantic Web User Interaction},
	Description = {My bibtex file},
	Interhash = {1a37f4b792ce4671d645698e7b2891fe},
	Intrahash = {552737aed5ba6da5c90a0b2a835c76b5},
	Keywords = {browser linkeddata},
	Owner = {moustaki},
	Pdf = {sw/Berners-Lee.pdf},
	Timestamp = {2008-07-22T17:45:44.000+0200},
	Title = {Tabulator: Exploring and Analyzing linked data on the Semantic Web},
	Url = {http://swui.semanticweb.org/swui06/papers/Berners-Lee/Berners-Lee.pdf},
	Year = 2006,
	Bdsk-Url-1 = {http://swui.semanticweb.org/swui06/papers/Berners-Lee/Berners-Lee.pdf}}

@book{Heath2011,
	Abstract = {The World Wide Web has enabled the creation of a global information space comprising linked documents. As the Web becomes ever more enmeshed with our daily lives, there is a growing desire for direct access to raw data not currently available on the Web or bound up in hypertext documents. Linked Data provides a publishing paradigm in which not only documents, but also data, can be a first class citizen of the Web, thereby enabling the extension of the Web with a global data space based on open standards - the Web of Data. In this Synthesis lecture we provide readers with a detailed technical introduction to Linked Data. We begin by outlining the basic principles of Linked Data, including coverage of relevant aspects of Web architecture. The remainder of the text is based around two main themes - the publication and consumption of Linked Data. Drawing on a practical Linked Data scenario, we provide guidance and best practices on: architectural approaches to publishing Linked Data; choosing URIs and vocabularies to identify and describe resources; deciding what data to return in a description of a resource on the Web; methods and frameworks for automated linking of data sets; and testing and debugging approaches for Linked Data deployments. We give an overview of existing Linked Data applications and then examine the architectures that are used to consume Linked Data from the Web, alongside existing tools and frameworks that enable these. Readers can expect to gain a rich technical understanding of Linked Data fundamentals, as the basis for application development, research or further study.  Keywords: web technology, databases, linked data, web of data, semantic web, world wide web, dataspaces, data integration, data management, web engineering, resource description framework},
	Added-At = {2011-03-04T21:27:05.000+0100},
	Author = {Heath, Tom and Bizer, Christian},
	Biburl = {http://www.bibsonomy.org/bibtex/2c397781f6a6e59e824f620843712c3a0/datentaste},
	Edition = {1st},
	Interhash = {1c54420f01635ab86006262304d1e78f},
	Intrahash = {c397781f6a6e59e824f620843712c3a0},
	Isbn = {9781608454303},
	Keywords = {basics linkedata introduction},
	Publisher = {Morgan \& Claypool},
	Timestamp = {2011-03-04T21:27:05.000+0100},
	Title = {Linked Data: Evolving the Web into a Global Data Space},
	Url = {http://linkeddatabook.com/},
	Year = 2011,
	Bdsk-Url-1 = {http://linkeddatabook.com/}}

@inproceedings{Egenhofer2002,
	Added-At = {2006-02-13T00:00:00.000+0100},
	Author = {Egenhofer, Max J.},
	Biburl = {http://www.bibsonomy.org/bibtex/2e1da5c927c21801c22a70026b9ee300c/dblp},
	Booktitle = {ACM-GIS},
	Crossref = {conf/gis/2002},
	Date = {2006-02-13},
	Description = {dblp},
	Editor = {Voisard, Agn{\"E}s and Chen, Shu-Ching},
	Ee = {http://doi.acm.org/10.1145/585147.585148},
	Interhash = {2219b80872d8e835d8153e87171ea31c},
	Intrahash = {e1da5c927c21801c22a70026b9ee300c},
	Isbn = {1-58113-591-2},
	Keywords = {dblp},
	Pages = {1-4},
	Publisher = {ACM},
	Timestamp = {2006-02-13T00:00:00.000+0100},
	Title = {Toward the semantic geospatial web.},
	Url = {http%3A%2F%2Fdblp.uni-trier.de%2Fdb%2Fconf%2Fgis%2Fgis2002.html%23Egenhofer02},
	Year = 2002,
	Bdsk-Url-1 = {http%3A%2F%2Fdblp.uni-trier.de%2Fdb%2Fconf%2Fgis%2Fgis2002.html%23Egenhofer02}}

@inproceedings{Brandao2002,
	Author = {Brand„o, A. A. F. and Lucena C. J. P.},
	Publisher = {PUC},
	Title = {{Uma introdu{\'A}„o ‡ engenharia de ontologias no contexto da Web sem‚ntica}},
	Year = {2002}}

@article{Battle2012,
	Added-At = {2013-04-16T00:00:00.000+0200},
	Author = {Battle, Robert and Kolas, Dave},
	Biburl = {http://www.bibsonomy.org/bibtex/24591ba2099f0c956b6c070594b3c0d67/dblp},
	Ee = {http://dx.doi.org/10.3233/SW-2012-0065},
	Interhash = {c098830a5d60172310dc55c113c42259},
	Intrahash = {4591ba2099f0c956b6c070594b3c0d67},
	Journal = {Semantic Web},
	Keywords = {dblp},
	Number = 4,
	Pages = {355-370},
	Timestamp = {2013-04-16T00:00:00.000+0200},
	Title = {Enabling the geospatial Semantic Web with Parliament and GeoSPARQL.},
	Url = {http://dblp.uni-trier.de/db/journals/semweb/semweb3.html#BattleK12},
	Volume = 3,
	Year = 2012,
	Bdsk-Url-1 = {http://dblp.uni-trier.de/db/journals/semweb/semweb3.html#BattleK12}}

@inproceedings{OCG2012,
	Author = {Open Geospatial Consortium OGC},
	Booktitle = {OGC 11-052r4 Version: 1.0},
	Title = {GeoSPARQL - A Geographic Query Language for RDF Data.},
	Url = {https://portal.opengeospatial.org/files/?artifact_id=47664},
	Year = 2012,
	Bdsk-Url-1 = {https://portal.opengeospatial.org/files/?artifact_id=47664}}

@inproceedings{Wang2008,
	Author = {Hong Wang and Lin Li and Ping-chao Song A},
	Booktitle = {XXIst ISPRS Congress, Technical Commission II, v. XXXVII, part B2},
	Crossref = {ISPRS/2008},
	Ee = {http%3A%2F%2Fwww.isprs.org%2Fcongresses%2Fbeijing2008%2Fproceedings%2F2_pdf%2F6_WG-II-6%2F05.pdf},
	Pages = {715-720},
	Title = {DESIGN OF GEO-ONTOLOGY BASED ON CONCEPT LATTICE},
	Year = 2008}

@inproceedings{conf/geoinfo/GimenezTB13,
	Added-At = {2013-12-05T00:00:00.000+0100},
	Author = {Gimenez, Paulo J. A. and Tanaka, Asterio K. and Baiao, Fernanda},
	Biburl = {http://www.bibsonomy.org/bibtex/2cba7fab1dab97e76d10d2f5c129871e7/dblp},
	Booktitle = {GeoInfo},
	Crossref = {conf/geoinfo/2013},
	Ee = {http://www.geoinfo.info/proceedings_geoinfo2013.pdf#page=110},
	Interhash = {47d8fa7cf79a12eb38e720dfb0b71c26},
	Intrahash = {cba7fab1dab97e76d10d2f5c129871e7},
	Keywords = {dblp},
	Pages = {103-114},
	Publisher = {MCT/INPE},
	Timestamp = {2013-12-05T00:00:00.000+0100},
	Title = {A geo-ontology to support the semantic integration of geoinformation from the National Spatial Data Infrastructure.},
	Url = {http://dblp.uni-trier.de/db/conf/geoinfo/geoinfo2013.html#GimenezTB13},
	Year = 2013,
	Bdsk-Url-1 = {http://dblp.uni-trier.de/db/conf/geoinfo/geoinfo2013.html#GimenezTB13}}

@inproceedings{Lima2011,
	Added-At = {2012-12-05T00:00:00.000+0100},
	Author = {Lima, Dan˙bia and Mendon{\'A}a, Ant{\`U}nio and Salgado, Ana Carolina and Souza, Damires},
	Biburl = {http://www.bibsonomy.org/bibtex/289eb5ce63fd95ffb7e6d53cd37590425/dblp},
	Booktitle = {GeoInfo},
	Crossref = {conf/geoinfo/2011},
	Editor = {Vinhas, L˙bia and Davis, Clodoveu A.},
	Ee = {http://www.geoinfo.info/proceedings/proceedings_geoinfo2011.pdf#page=1},
	Interhash = {8f3bd996ee296a8d3cf04e438d14d373},
	Intrahash = {89eb5ce63fd95ffb7e6d53cd37590425},
	Keywords = {dblp},
	Pages = {1-12},
	Publisher = {MCT/INPE},
	Timestamp = {2012-12-05T00:00:00.000+0100},
	Title = {Building Geospatial Ontologies From Geographic Database Schemas In Peer Data Management Systems.},
	Url = {http://dblp.uni-trier.de/db/conf/geoinfo/geoinfo2011.html#LimaMSS11},
	Year = 2011,
	Bdsk-Url-1 = {http://dblp.uni-trier.de/db/conf/geoinfo/geoinfo2011.html#LimaMSS11}}

@inproceedings{Peng2010,
	Added-At = {2010-09-22T00:00:00.000+0200},
	Author = {Peng, Xiaobo and Chen, Rongguo and Cheng, Changxiu and Yan, Xun},
	Biburl = {http://www.bibsonomy.org/bibtex/2a809bf273632834994c8a84a33f90b39/dblp},
	Booktitle = {Geoinformatics},
	Crossref = {conf/geoinformatics/2010},
	Ee = {http://dx.doi.org/10.1109/GEOINFORMATICS.2010.5567595},
	Interhash = {6a17c3cabd6cd726de7b6c3acea0da21},
	Intrahash = {a809bf273632834994c8a84a33f90b39},
	Isbn = {978-1-4244-7302-1},
	Keywords = {dblp},
	Pages = {1-6},
	Publisher = {IEEE},
	Timestamp = {2010-09-22T00:00:00.000+0200},
	Title = {A folksonomy-ontology-based digital gazetteer service.},
	Url = {http://dblp.uni-trier.de/db/conf/geoinformatics/geoinformatics2010.html#PengCCY10},
	Year = 2010,
	Bdsk-Url-1 = {http://dblp.uni-trier.de/db/conf/geoinformatics/geoinformatics2010.html#PengCCY10}}

@inproceedings{linkedgeodata,
	Added-At = {2009-11-06T11:07:03.000+0100},
	Author = {Auer, Sˆren and Lehmann, Jens and Hellmann, Sebastian},
	Biburl = {http://www.bibsonomy.org/bibtex/2d7b66f26a99547a3c117570aca80e4a0/jens},
	Booktitle = {Proc. of 7th International Semantic Web Conference (ISWC)},
	Description = {publications Jens Lehmann},
	Interhash = {9d953f7fd83decf6dd11ed55275549c1},
	Intrahash = {d7b66f26a99547a3c117570aca80e4a0},
	Keywords = {2009 aksw imported linkedgeodata mole},
	Timestamp = {2009-11-06T11:07:03.000+0100},
	Title = {{LinkedGeoData} - Adding a Spatial Dimension to the Web of Data},
	Year = 2009}

@article{Janowicz2008,
	Added-At = {2008-12-12T00:00:00.000+0100},
	Author = {Janowicz, Krzysztof and Kefller, Carsten},
	Biburl = {http://www.bibsonomy.org/bibtex/24b1203d98aca582a8b0a9980ce790fbd/dblp},
	Date = {2008-12-12},
	Description = {dblp},
	Ee = {http://dx.doi.org/10.1080/13658810701851461},
	Interhash = {7043ec5811c5eba0798f0ac8762034c3},
	Intrahash = {4b1203d98aca582a8b0a9980ce790fbd},
	Journal = {International Journal of Geographical Information Science},
	Keywords = {dblp},
	Number = 10,
	Pages = {1129-1157},
	Timestamp = {2008-12-12T00:00:00.000+0100},
	Title = {The role of ontology in improving gazetteer interaction.},
	Url = {http://dblp.uni-trier.de/db/journals/gis/gis22.html#JanowiczK08},
	Volume = 22,
	Year = 2008,
	Bdsk-Url-1 = {http://dblp.uni-trier.de/db/journals/gis/gis22.html#JanowiczK08}}

@article{Giunchiglia2012,
	Added-At = {2012-12-12T00:00:00.000+0100},
	Author = {Giunchiglia, Fausto and Dutta, Biswanath and Maltese, Vincenzo and Farazi, Feroz},
	Biburl = {http://www.bibsonomy.org/bibtex/2b2d61023702ae536df822e9fb27fc472/dblp},
	Ee = {http://dx.doi.org/10.1007/s13740-012-0005-x},
	Interhash = {6a2a65b60377ab826e3f0b22d0a42623},
	Intrahash = {b2d61023702ae536df822e9fb27fc472},
	Journal = {J. Data Semantics},
	Keywords = {dblp},
	Number = 1,
	Pages = {57-73},
	Timestamp = {2012-12-12T00:00:00.000+0100},
	Title = {A Facet-Based Methodology for the Construction of a Large-Scale Geospatial Ontology.},
	Url = {http://dblp.uni-trier.de/db/journals/jodsn/jodsn1.html#GiunchigliaDMF12},
	Volume = 1,
	Year = 2012,
	Bdsk-Url-1 = {http://dblp.uni-trier.de/db/journals/jodsn/jodsn1.html#GiunchigliaDMF12}}

@inproceedings{DavisVP13,
	Added-At = {2013-12-05T00:00:00.000+0100},
	Author = {Jr., Clodoveu A. Davis and de Souza Vellozo, Hugo and Pinheiro, Michele Brito},
	Biburl = {http://www.bibsonomy.org/bibtex/20fa2febd421ee84f85792b1d5d59f6c4/dblp},
	Booktitle = {GeoInfo},
	Crossref = {conf/geoinfo/2013},
	Ee = {http://www.geoinfo.info/proceedings_geoinfo2013.pdf#page=154},
	Interhash = {ed5f85c14ddc1eeae55f545a7257d2e0},
	Intrahash = {0fa2febd421ee84f85792b1d5d59f6c4},
	Keywords = {dblp},
	Pages = {147-157},
	Publisher = {MCT/INPE},
	Timestamp = {2013-12-05T00:00:00.000+0100},
	Title = {A Framework for Web and Mobile Volunteered Geographic Information Applications.},
	Url = {http://dblp.uni-trier.de/db/conf/geoinfo/geoinfo2013.html#DavisVP13},
	Year = 2013,
	Bdsk-Url-1 = {http://dblp.uni-trier.de/db/conf/geoinfo/geoinfo2013.html#DavisVP13}}

@inproceedings{Beard:2012,
	Acmid = {2442962},
	Address = {New York, NY, USA},
	Author = {Beard, Kate},
	Booktitle = {Proceedings of the 1st ACM SIGSPATIAL International Workshop on Crowdsourced and Volunteered Geographic Information},
	Doi = {10.1145/2442952.2442962},
	Isbn = {978-1-4503-1694-1},
	Keywords = {VGI, gazetteer, ontology, place, semantic web},
	Location = {Redondo Beach, California},
	Numpages = {8},
	Pages = {54--61},
	Publisher = {ACM},
	Series = {GEOCROWD '12},
	Title = {A Semantic Web Based Gazetteer Model for VGI},
	Url = {http://doi.acm.org/10.1145/2442952.2442962},
	Year = {2012},
	Bdsk-Url-1 = {http://doi.acm.org/10.1145/2442952.2442962},
	Bdsk-Url-2 = {http://dx.doi.org/10.1145/2442952.2442962}}

@inproceedings{Wang-2006,
	Added-At = {2006-02-10T00:00:00.000+0100},
	Author = {Wang, Chuang and Xie, Xing and Wang, Lee and Lu, Yansheng and Ma, Wei-Ying},
	Biburl = {http://www.bibsonomy.org/bibtex/23437c09ca5fef79a0be63fd89bf70f52/dblp},
	Booktitle = {WWW (Special interest tracks and posters)},
	Crossref = {conf/www/2005si},
	Date = {2006-02-10},
	Description = {dblp},
	Editor = {Ellis, Allan and Hagino, Tatsuya},
	Ee = {http://doi.acm.org/10.1145/1062745.1062907},
	Interhash = {701c029eaf0a583dd8bb59998aeb650e},
	Intrahash = {3437c09ca5fef79a0be63fd89bf70f52},
	Isbn = {1-59593-051-5},
	Keywords = {dblp},
	Pages = {1138-1139},
	Publisher = {ACM},
	Timestamp = {2006-02-10T00:00:00.000+0100},
	Title = {Web resource geographic location classification and detection.},
	Url = {http://dblp.uni-trier.de/db/conf/www/www2005si.html#WangXWLM05},
	Year = 2005,
	Bdsk-Url-1 = {http://dblp.uni-trier.de/db/conf/www/www2005si.html#WangXWLM05}}

@inproceedings{conf/geoinfo/LimaMSS11,
	Added-At = {2012-12-05T00:00:00.000+0100},
	Author = {Lima, Dan˙bia and Mendon{\'A}a, Ant{\`U}nio and Salgado, Ana Carolina and Souza, Damires},
	Biburl = {http://www.bibsonomy.org/bibtex/289eb5ce63fd95ffb7e6d53cd37590425/dblp},
	Booktitle = {GeoInfo},
	Crossref = {conf/geoinfo/2011},
	Editor = {Vinhas, L˙bia and Davis, Clodoveu A.},
	Ee = {http://www.geoinfo.info/proceedings/proceedings_geoinfo2011.pdf#page=1},
	Interhash = {8f3bd996ee296a8d3cf04e438d14d373},
	Intrahash = {89eb5ce63fd95ffb7e6d53cd37590425},
	Keywords = {dblp},
	Pages = {1-12},
	Publisher = {MCT/INPE},
	Timestamp = {2012-12-05T00:00:00.000+0100},
	Title = {Building Geospatial Ontologies From Geographic Database Schemas In Peer Data Management Systems.},
	Url = {http://dblp.uni-trier.de/db/conf/geoinfo/geoinfo2011.html#LimaMSS11},
	Year = 2011,
	Bdsk-Url-1 = {http://dblp.uni-trier.de/db/conf/geoinfo/geoinfo2011.html#LimaMSS11}}

@inproceedings{conf/geoinformatics/PengCCY10,
	Added-At = {2010-09-22T00:00:00.000+0200},
	Author = {Peng, Xiaobo and Chen, Rongguo and Cheng, Changxiu and Yan, Xun},
	Biburl = {http://www.bibsonomy.org/bibtex/2a809bf273632834994c8a84a33f90b39/dblp},
	Booktitle = {Geoinformatics},
	Crossref = {conf/geoinformatics/2010},
	Ee = {http://dx.doi.org/10.1109/GEOINFORMATICS.2010.5567595},
	Interhash = {6a17c3cabd6cd726de7b6c3acea0da21},
	Intrahash = {a809bf273632834994c8a84a33f90b39},
	Isbn = {978-1-4244-7302-1},
	Keywords = {dblp},
	Pages = {1-6},
	Publisher = {IEEE},
	Timestamp = {2010-09-22T00:00:00.000+0200},
	Title = {A folksonomy-ontology-based digital gazetteer service.},
	Url = {http://dblp.uni-trier.de/db/conf/geoinformatics/geoinformatics2010.html#PengCCY10},
	Year = 2010,
	Bdsk-Url-1 = {http://dblp.uni-trier.de/db/conf/geoinformatics/geoinformatics2010.html#PengCCY10}}

@incollection{Xiao2012,
	Author = {Kefller, Carsten and Janowicz, Krzysztof and Kauppinen, Tomi},
	Booktitle = {Geographic Information Science},
	Doi = {10.1007/978-3-642-33024-7_8},
	Editor = {Xiao, Ningchuan and Kwan, Mei-Po and Goodchild, MichaelF. and Shekhar, Shashi},
	Isbn = {978-3-642-33023-0},
	Pages = {102-115},
	Publisher = {Springer Berlin Heidelberg},
	Series = {Lecture Notes in Computer Science},
	Title = {spatial@linkedscience {\~n} Exploring the Research Field of GIScience with Linked Data},
	Url = {http://dx.doi.org/10.1007/978-3-642-33024-7_8},
	Volume = {7478},
	Year = 2012,
	Bdsk-Url-1 = {http://dx.doi.org/10.1007/978-3-642-33024-7_8}}

@inproceedings{Ahlers:2013:AAG:2533888.2533938,
	Acmid = {2533938},
	Address = {New York, NY, USA},
	Author = {Ahlers, Dirk},
	Booktitle = {Proceedings of the 7th Workshop on Geographic Information Retrieval},
	Doi = {10.1145/2533888.2533938},
	Isbn = {978-1-4503-2241-6},
	Keywords = {data quality, entity reconciliation, gazetteer, geocoding, positional accuracy, source integration},
	Location = {Orlando, Florida},
	Numpages = {8},
	Pages = {74--81},
	Publisher = {ACM},
	Series = {GIR '13},
	Title = {Assessment of the Accuracy of GeoNames Gazetteer Data},
	Url = {http://doi.acm.org/10.1145/2533888.2533938},
	Year = {2013},
	Bdsk-Url-1 = {http://doi.acm.org/10.1145/2533888.2533938},
	Bdsk-Url-2 = {http://dx.doi.org/10.1145/2533888.2533938}}

@article{journals/semweb/BattleK12,
	Added-At = {2013-04-16T00:00:00.000+0200},
	Author = {Battle, Robert and Kolas, Dave},
	Biburl = {http://www.bibsonomy.org/bibtex/24591ba2099f0c956b6c070594b3c0d67/dblp},
	Ee = {http://dx.doi.org/10.3233/SW-2012-0065},
	Interhash = {c098830a5d60172310dc55c113c42259},
	Intrahash = {4591ba2099f0c956b6c070594b3c0d67},
	Journal = {Semantic Web},
	Keywords = {dblp},
	Number = 4,
	Pages = {355-370},
	Timestamp = {2013-04-16T00:00:00.000+0200},
	Title = {Enabling the geospatial Semantic Web with Parliament and GeoSPARQL.},
	Url = {http://dblp.uni-trier.de/db/journals/semweb/semweb3.html#BattleK12},
	Volume = 3,
	Year = 2012,
	Bdsk-Url-1 = {http://dblp.uni-trier.de/db/journals/semweb/semweb3.html#BattleK12}}

@misc{bernerslee:2009,
	Added-At = {2010-01-21T12:10:28.000+0100},
	Author = {Berners-Lee, Tim},
	Biburl = {http://www.bibsonomy.org/bibtex/22b98bfec0ccda1a80af951a2d1ef57e5/lechatpito},
	Howpublished = {W3C design issue document},
	Interhash = {8b16380d7024c62d9678a0120d765454},
	Intrahash = {2b98bfec0ccda1a80af951a2d1ef57e5},
	Keywords = {linked-data},
	Month = {June},
	Note = {http://www.w3.org/DesignIssue/LinkedData.html},
	Timestamp = {2010-01-21T12:10:28.000+0100},
	Title = {Linked-data design issues},
	Url = {http://www.w3.org/DesignIssues/LinkedData.html},
	Year = 2009,
	Bdsk-Url-1 = {http://www.w3.org/DesignIssues/LinkedData.html}}

@inproceedings{BorgesLMD07,
	Added-At = {2008-01-17T00:00:00.000+0100},
	Author = {Borges, Karla A. V. and Laender, Alberto H. F. and Medeiros, Claudia Bauzer and Davis, Clodoveu A.},
	Biburl = {http://www.bibsonomy.org/bibtex/287269b0b0a016e7edc1eaf73f78bdd7b/dblp},
	Booktitle = {GIR},
	Crossref = {conf/gir/2007},
	Date = {2008-01-17},
	Description = {dblp},
	Editor = {Purves, Ross and Jones, Chris},
	Ee = {http://doi.acm.org/10.1145/1316948.1316957},
	Interhash = {d1b7806f8c475e1a3f0e139477ac8c62},
	Intrahash = {87269b0b0a016e7edc1eaf73f78bdd7b},
	Isbn = {978-1-59593-828-2},
	Keywords = {dblp},
	Pages = {31-36},
	Publisher = {ACM},
	Timestamp = {2008-01-17T00:00:00.000+0100},
	Title = {Discovering geographic locations in web pages using urban addresses.},
	Url = {http://dblp.uni-trier.de/db/conf/gir/gir2007.html#BorgesLMD07},
	Year = 2007,
	Bdsk-Url-1 = {http://dblp.uni-trier.de/db/conf/gir/gir2007.html#BorgesLMD07}}

@article{DelboniBLJ07,
	Added-At = {2009-12-23T00:00:00.000+0100},
	Author = {Delboni, Tiago M. and Borges, Karla A. V. and Laender, Alberto H. F. and Davis, Clodoveu A.},
	Biburl = {http://www.bibsonomy.org/bibtex/20f1d9bbfaf80249561d98ba14c885798/dblp},
	Date = {2009-12-23},
	Description = {dblp},
	Ee = {http://dx.doi.org/10.1111/j.1467-9671.2007.01051.x},
	Interhash = {8ab23a5cb2594ff98fac8b6e387e5551},
	Intrahash = {0f1d9bbfaf80249561d98ba14c885798},
	Journal = {T. GIS},
	Keywords = {dblp},
	Number = 3,
	Pages = {377-397},
	Timestamp = {2009-12-23T00:00:00.000+0100},
	Title = {Semantic Expansion of Geographic Web Queries Based on Natural Language Positioning Expressions.},
	Url = {http://dblp.uni-trier.de/db/journals/tgis/tgis11.html#DelboniBLJ07},
	Volume = 11,
	Year = 2007,
	Bdsk-Url-1 = {http://dblp.uni-trier.de/db/journals/tgis/tgis11.html#DelboniBLJ07}}

@article{GilKT11,
	Added-At = {2011-11-02T00:00:00.000+0100},
	Author = {Gil, Fabiana B. and Kozievitch, N·dia P. and da Silva Torres, Ricardo},
	Biburl = {http://www.bibsonomy.org/bibtex/25bcc4bb140d85fbe450ee26ff18e357b/dblp},
	Ee = {http://seer.lcc.ufmg.br/index.php/jidm/article/view/133},
	Interhash = {2cbb156123ca72ba880a8de532e82456},
	Intrahash = {5bcc4bb140d85fbe450ee26ff18e357b},
	Journal = {JIDM},
	Keywords = {dblp},
	Number = 2,
	Pages = {195-210},
	Timestamp = {2011-11-02T00:00:00.000+0100},
	Title = {GeoNote: A Web Service for Geographic Data Annotation in Biodiversity Information Systems.},
	Url = {http://dblp.uni-trier.de/db/journals/jidm/jidm2.html#GilKT11},
	Volume = 2,
	Year = 2011,
	Bdsk-Url-1 = {http://dblp.uni-trier.de/db/journals/jidm/jidm2.html#GilKT11}}

@inproceedings{KeBler:2009:ANG:1653771.1653787,
	Acmid = {1653787},
	Address = {New York, NY, USA},
	Author = {Kessler, Carsten and Janowicz, Krzysztof and Bishr, Mohamed},
	Booktitle = {Proceedings of the 17th ACM SIGSPATIAL International Conference on Advances in Geographic Information Systems},
	Doi = {10.1145/1653771.1653787},
	Isbn = {978-1-60558-649-6},
	Keywords = {gazetteer, semantics, trust, volunteered geographic information},
	Location = {Seattle, Washington},
	Numpages = {10},
	Pages = {91--100},
	Publisher = {ACM},
	Series = {GIS '09},
	Title = {An Agenda for the Next Generation Gazetteer: Geographic Information Contribution and Retrieval},
	Url = {http://doi.acm.org/10.1145/1653771.1653787},
	Year = {2009},
	Bdsk-Url-1 = {http://doi.acm.org/10.1145/1653771.1653787},
	Bdsk-Url-2 = {http://dx.doi.org/10.1145/1653771.1653787}}

@inproceedings{MouraJr:2012:NoHi,
	Address = {S{\~a}o Jos{\'e} dos Campos},
	Author = {Moura, Tiago Henrique V. M. and Jr. , Clodoveu A. Davis},
	Booktitle = {Anais...},
	Conference-Location = {Campos do Jord{\~a}o},
	Conference-Year = {25-27 nov. 2012},
	Editor = {Namikawa, La{\'e}rcio Massaru and Bogorny, Vania},
	Issn = {2179-4820},
	Language = {pt},
	Organization = {Simp{\'o}sio Brasileiro de Geoinform{\'a}tica, 13. (GEOINFO)},
	Pages = {78--83},
	Publisher = {Instituto Nacional de Pesquisas Espaciais (INPE)},
	Targetfile = {moura.pdf},
	Title = {Expans{\~a}o do conte{\'u}do de um gazetteer: nomes hidrogr{\'a}ficos},
	Type = {Modelling and Representation - Short papers},
	Url = {http://urlib.net/sid.inpe.br/mtc-m18/2012/12.04.13.31},
	Urlaccessdate = {25 fev. 2014},
	Year = {2012},
	Bdsk-Url-1 = {http://urlib.net/sid.inpe.br/mtc-m18/2012/12.04.13.31}}

@article{GoodchildH08,
	Added-At = {2012-03-21T00:00:00.000+0100},
	Author = {Goodchild, Michael F. and Hill, Linda L.},
	Biburl = {http://www.bibsonomy.org/bibtex/2864662f2fce36ef0d7c1c8583c3e690b/dblp},
	Ee = {http://dx.doi.org/10.1080/13658810701850497},
	Interhash = {edc44c307b064d8cafed8396e02878de},
	Intrahash = {864662f2fce36ef0d7c1c8583c3e690b},
	Journal = {International Journal of Geographical Information Science},
	Keywords = {dblp},
	Number = 10,
	Pages = {1039-1044},
	Timestamp = {2012-03-21T00:00:00.000+0100},
	Title = {Introduction to digital gazetteer research.},
	Url = {http://dblp.uni-trier.de/db/journals/gis/gis22.html#GoodchildH08},
	Volume = 22,
	Year = 2008,
	Bdsk-Url-1 = {http://dblp.uni-trier.de/db/journals/gis/gis22.html#GoodchildH08}}

@inproceedings{GouveaLGFW08,
	Added-At = {2011-04-04T00:00:00.000+0200},
	Author = {Gouvea, Cleber and Loh, Stanley and Garcia, Lu{\`I}s Fernando Fortes and da Fonseca, Evandro Brasil and Wendt, Igor},
	Biburl = {http://www.bibsonomy.org/bibtex/2986846c430fce72bcfdc6c1675179a6c/dblp},
	Booktitle = {GeoInfo},
	Crossref = {conf/geoinfo/2008},
	Editor = {de Carvalho, Marcelo T{\`I}lio Monteiro and Casanova, Marco A. and Gattass, Marcelo and Vinhas, L˙bia},
	Ee = {http://www.geoinfo.info/portuguese/geoinfo2008/artigos/p13.pdf},
	Interhash = {6f50f7df7b744f469fba1d55968066a4},
	Intrahash = {986846c430fce72bcfdc6c1675179a6c},
	Keywords = {dblp},
	Pages = {51-62},
	Publisher = {INPE},
	Timestamp = {2011-04-04T00:00:00.000+0200},
	Title = {Discovering Location Indicators of Toponyms from News to Improve Gazetteer-Based Geo-Referencing.},
	Url = {http://dblp.uni-trier.de/db/conf/geoinfo/geoinfo2008.html#GouveaLGFW08},
	Year = 2008,
	Bdsk-Url-1 = {http://dblp.uni-trier.de/db/conf/geoinfo/geoinfo2008.html#GouveaLGFW08}}

@article{Lemes,
	Author = {P Lemes and Faleiro Famv and G Tessarolo and R D Loyola},
	Doi = {10.4322/natcon.2011.032},
	Journal = {Natureza {\&} Conservac{\~a}o},
	Pages = {240-243},
	Title = {Refinando dados espaciais para a conservac{\~a}o da biodiversidade},
	Volume = {9},
	Year = {2011},
	Bdsk-Url-1 = {http://dx.doi.org/10.4322/natcon.2011.032}}

@phdthesis{Laurindo,
	Abstract = {This thesis presents an overview of biological collections, their complexity and related bio-information management activities in the main institutes in the Amazon region.},
	Address = {Enschede},
	Author = {Jos\'e Laurindo Campos dos {Santos}},
	Publisher = {University of Twente},
	Title = {A biodiversity information system in an open data/metadatabase architecture},
	Url = {http://doc.utwente.nl/41436/},
	Year = {2003},
	Bdsk-Url-1 = {http://doc.utwente.nl/41436/}}

@inproceedings{AmanquiSLASM13,
	Added-At = {2013-09-25T00:00:00.000+0200},
	Author = {Amanqui, Flor K. and Serique, Kleberson J. and Lamping, Franco and Albuquerque, Andrea C. F. and Santos, Jos{\`E} L. C. Dos and Moreira, Dilvan A.},
	Biburl = {http://www.bibsonomy.org/bibtex/254ea6acec48d99fded1bae05e8dd4c0a/dblp},
	Booktitle = {ONTOBRAS},
	Crossref = {conf/ontobras/2013},
	Editor = {Bax, Marcello Peixoto and Almeida, Mauricio Barcellos and Wassermann, Renata},
	Ee = {http://ceur-ws.org/Vol-1041/ontobras-2013_paper29.pdf},
	Interhash = {fe1a307e8790ec88c6bc25d1881f1cd5},
	Intrahash = {54ea6acec48d99fded1bae05e8dd4c0a},
	Keywords = {dblp},
	Pages = {83-93},
	Publisher = {CEUR-WS.org},
	Series = {CEUR Workshop Proceedings},
	Timestamp = {2013-09-25T00:00:00.000+0200},
	Title = {Semantic Search Architecture for Retrieving Information in Biodiversity Repositories.},
	Url = {http://dblp.uni-trier.de/db/conf/ontobras/ontobras2013.html#AmanquiSLASM13},
	Volume = 1041,
	Year = 2013,
	Bdsk-Url-1 = {http://dblp.uni-trier.de/db/conf/ontobras/ontobras2013.html#AmanquiSLASM13}}

@incollection{RePEc:eee:envchp:3-29,
	Abstract = {The conservation of biodiversity is a major environmental issue, one that promises to remain at or near the top of the environmental agenda for the foreseeable future. The loss of biodiversity affects human welfare as well as being lamentable for its own sake. Humans depend on natural systems to produce a wide variety of ecosystem goods and services, ranging from direct use of certain species for food or medicines to ecosystem functions that provide water purification, nutrient retention or climate regulation. Threats to biodiversity include habitat loss and fragmentation, the introduction of nonindigenous species, over-harvesting, pollution, changes in geochemical cycles and climate change. Sustaining biodiversity in the face of increasing human populations and increased human economic activity promises to be a major challenge. Economists have an important role to play in helping to develop and evaluate conservation strategies. Because biodiversity is at risk in large part because of human activity, finding ways to conserve biodiversity will come from better understanding and management of human affairs, not from better biology alone. Economists can help set priorities to allocate scarce conservation resources where they will do the most good. Economists can help design incentive schemes to make conservation policy both effective and efficient. Economic methods can shed light on what are the most valuable components of biodiversity, including analysis of species existence value, the value of bioprospecting and the value of ecosystem services.},
	Author = {Polasky, Stephen and Costello, Christopher and Solow, Andrew},
	Booktitle = {{Handbook of Environmental Economics}},
	Chapter = {29},
	Editor = {K. G. M‰ler and J. R. Vincent},
	Month = {June},
	Pages = {1517-1560},
	Publisher = {Elsevier},
	Series = {Handbook of Environmental Economics},
	Title = {{The Economics of Biodiversity}},
	Url = {http://ideas.repec.org/h/eee/envchp/3-29.html},
	Volume = {3},
	Year = 2005,
	Bdsk-Url-1 = {http://ideas.repec.org/h/eee/envchp/3-29.html}}

@article{doi:10.1080/13658810701851461,
	Author = {Janowicz, K. and KeBler, C.},
	Doi = {10.1080/13658810701851461},
	Eprint = {http://www.tandfonline.com/doi/pdf/10.1080/13658810701851461},
	Journal = {International Journal of Geographical Information Science},
	Number = {10},
	Pages = {1129-1157},
	Title = {The role of ontology in improving gazetteer interaction},
	Url = {http://www.tandfonline.com/doi/abs/10.1080/13658810701851461},
	Volume = {22},
	Year = {2008},
	Bdsk-Url-1 = {http://www.tandfonline.com/doi/abs/10.1080/13658810701851461},
	Bdsk-Url-2 = {http://dx.doi.org/10.1080/13658810701851461}}

@article{journals/jgaa/AslamPR04,
	Added-At = {2005-04-05T00:00:00.000+0200},
	Author = {Aslam, Javed A. and Pelekhov, Ekaterina and Rus, Daniela},
	Biburl = {http://www.bibsonomy.org/bibtex/2dcf1eeedcd06964804633697f3f61603/dblp},
	Date = {2005-04-05},
	Description = {dblp},
	Ee = {http://jgaa.info/accepted/2004/Aslam+2004.8.1.pdf},
	Interhash = {2a7d6b8c909f7a3251c5ebf79b24863d},
	Intrahash = {dcf1eeedcd06964804633697f3f61603},
	Journal = {J. Graph Algorithms Appl.},
	Keywords = {dblp},
	Pages = {95-129},
	Timestamp = {2005-04-05T00:00:00.000+0200},
	Title = {The Star Clustering Algorithm for Static and Dynamic Information Organization.},
	Url = {http://dblp.uni-trier.de/db/journals/jgaa/jgaa8.html#AslamPR04},
	Volume = 8,
	Year = 2004,
	Bdsk-Url-1 = {http://dblp.uni-trier.de/db/journals/jgaa/jgaa8.html#AslamPR04}}

@article{citeulike:8051779,
	Abstract = {There is a concerted global effort to digitize biodiversity occurrence data from herbarium and museum collections that together offer an unparalleled archive of life on Earth over the past few centuries. The Global Biodiversity Information Facility provides the largest single gateway to these data. Since 2004 it has provided a single point of access to specimen data from databases of biological surveys and collections. Biologists now have rapid access to more than 120 million observations, for use in many biological analyses. We investigate the quality and coverage of data digitally available, from the perspective of a biologist seeking distribution data for spatial analysis on a global scale. We present an example of automatic verification of geographic data using distributions from the International Legume Database and Information Service to test empirically, issues of geographic coverage and accuracy. There are over 1/2 million records covering 31\% of all Legume species, and 84\% of these records pass geographic validation. These data are not yet a global biodiversity resource for all species, or all countries. A user will encounter many biases and gaps in these data which should be understood before data are used or analyzed. The data are notably deficient in many of the world's biodiversity hotspots. The deficiencies in data coverage can be resolved by an increased application of resources to digitize and publish data throughout these most diverse regions. But in the push to provide ever more data online, we should not forget that consistent data quality is of paramount importance if the data are to be useful in capturing a meaningful picture of life on Earth.},
	Author = {Yesson, Chris and Brewer, Peter W. and Sutton, Tim and Caithness, Neil and Pahwa, Jaspreet S. and Burgess, Mikhaila and Gray, W. Alec and White, Richard J. and Jones, Andrew C. and Bisby, Frank A. and Culham, Alastair},
	Citeulike-Article-Id = {8051779},
	Citeulike-Linkout-0 = {http://dx.doi.org/10.1371/journal.pone.0001124},
	Day = {7},
	Doi = {10.1371/journal.pone.0001124},
	Journal = {PLoS ONE},
	Month = nov,
	Number = {11},
	Pages = {e1124+},
	Posted-At = {2013-04-21 08:54:09},
	Priority = {4},
	Publisher = {Public Library of Science},
	Title = {How Global Is the Global Biodiversity Information Facility?},
	Url = {http://dx.doi.org/10.1371/journal.pone.0001124},
	Volume = {2},
	Year = {2007},
	Bdsk-Url-1 = {http://dx.doi.org/10.1371/journal.pone.0001124}}

@inproceedings{MouraDavi:2013:DeOpPe,
	Abstract = {Linked Geospatial Data is a proposal for the dissemination of 
                         geographic information in an open format, based on standards 
                         adopted by the Web of Data. The semantic enrichment that comes 
                         from knowledge about relationships among spatial data is a 
                         potential source of solutions for traditional problems in 
                         geographic information retrieval, such as ambiguity resolution and 
                         the recognition of the geographic context of documents. This work 
                         discusses the applicability of linked data concepts to these 
                         problems and presents a set of challenges and opportunities for 
                         research on geographic information retrieval and related 
                         topics.},
	Address = {S{\~a}o Jos{\'e} dos Campos},
	Author = {Moura, Tiago Henrique V. M. de and Davir Jr., Clodoveu A.},
	Booktitle = {Anais...},
	Conference-Location = {Campos do Jord{\~a}o},
	Conference-Year = {24-27 nov. 2013},
	Editor = {Andrade, Pedro Ribeiro and Santanch{\`e}, Andr{\'e}},
	Issn = {2179-4820},
	Language = {pt},
	Organization = {Simp{\'o}sio Brasileiro de Geoinform{\'a}tica, 14. (GEOINFO)},
	Pages = {6},
	Publisher = {Instituto Nacional de Pesquisas Espaciais (INPE)},
	Targetfile = {paper2.pdf},
	Title = {Linked Geospatial Data: desafios e oportunidades de pesquisa},
	Url = {http://urlib.net/sid.inpe.br/mtc-m18/2013/12.10.17.50},
	Urlaccessdate = {31 maio 2014},
	Year = {2013},
	Bdsk-Url-1 = {http://urlib.net/sid.inpe.br/mtc-m18/2013/12.10.17.50}}
